url,timestamp,text
https://wikifarmer.com/,10/24/2023 19:39,"WELCOME TO WIKIFARMER THE MOST ACCREDITED SOURCE OF FREE AGRICULTURAL KNOWLEDGE Most Popular categories Sustainability Smart Farming - AgTech Thesaurus of Sustainability Viticulture Beekeeping Sheep Seed Collection Cereals Vegetables Trees Ornamentals (Flowers) Food Science Thesaurus of Food Science and Supply Chain Featured articles 11 Interesting Facts about Kiwifruit Classification, Marking and Labelling of Eggs Most popular articles Growing Lavender for Profit Food Hygiene Lavender Pruning 8 things to consider when growing Watermelons in your Backyard About Us Videos Most Recent Articles Papaya Plant Care – Irrigation and Fertilization of Papaya plants Papaya propagation and Pollination Papaya Soil Preparation, Planting, and Plant density Papaya plant information Papaya Interesting facts, Nutritional value, and Health benefits Reasons that hampered Global Wheat Production and Supply Potential risks of food packaging plastic waste on human health and the environment Guerrilla gardening Factors to Consider Before Tank Mixing Agrochemicals to Prepare the Spray Solution 7 Modern and efficient ways to protect crops from pests and diseases What is the fortification of milk? 20 Plant-based milk alternatives: Information, Production and Health Benefits The Role of Microbes in Climate-Resilient Agriculture Soil salinization and how farmers can overcome it Biological control of greenhouse pests using natural enemies Nutrient Mobility in Soil and Plants The Significance of Soil Health in Sustainable Agriculture The Importance of Mulching in Vegetable Production What are the SDGs? Papaya Handling, Grading, and Packing Papaya Harvest, Yield and Storage Papaya Plant Major Pests, Diseases and Weeds How to cultivate papayas for profit – Complete production guide Upcoming events Become an author Our Authors Over More than Visitors from over What they say about us Democratizing agriculture Stay constantly updated on a large variety of agricultural topics, upcoming trends, and innovations by attending conferences, webinars, and many more events worldwide. Take a closer look at our list. Are you passionate about farming and ready to share your knowledge, experience, or expertise with a global audience? Join the Wikifarmer community by becoming an author in the largest, user-generated Agricultural platform and help farmers upgrade their production and cultivate more sustainably. Web-traffic Over 18 million unique visitors Networking In collaboration with Universities, NGOs and other organizations worldwide unique users language versions Countries Introducing Wikifarmer: the Wikipedia of Farming. Wikifarmer is the greatest user generated online farming library. Its mission is to help all farmers across the globe to find valuable information regarding their existing or potential crops and livestock. Users can submit a new article, edit an existing article, add pictures or videos, request a new article, ask a question about a related issue, or just browse through hundreds of pages with valuable information. A platform providing farmers/producers with valuable knowledge and access to the markets. A free online knowledge library where professional or amateur farmers can find best practices on growing their fields more effectively and an online marketplace where farmers can sell their products to buyers directly. Wikifarmer, is one of the lab’s most promising tech ventures on the rise. Education is also at the heart of Wikifarmer, a platform that offers quality, specialized content to the agriculture industry. It also acts as a transaction hub for landowners who wish to expand their sales and increase revenue. Regenerative Agriculture: How farmers can benefit and adopt it New breeding technologies and gene-edited crops Pollinators: Farmer's Partner for Sustainable Production International consultant at Business Coaching Lab (specialized in fruit and vegetable cool storage) Industrial Cassava Specialist Agricultural scientist Food Scientist Student, Bsc Agriculture and Forestry Entomologist and chemical ecologist Agriculturalist - Food Scientist, M.Sc. Nanobiotechnology MSc Plant Breeder – Agronomist Sustainability Officer at Federated Commodities Limited PhD Apiculture Trainee in Plant Health Monitoring team-European Food Safety Authority (EFSA) Αdvocate of sustainable agriculture - CEO of Naturnova MSc Agronomist & Oenologist Organization Vineyard manager Environmental Governance and Management, Agribusiness consultant Food labelling expert, Regulatory affairs, Food safety specialist Germination and Greenhouse Supervisor, Sustainability specialist Postdoctoral Researcher in the Institute of Environmental Sciences and Technology in the Universitat Autònoma de Barcelona (ICTA-UAB) Vertical Farming consultant and environmental educator 18 17 195"
https://wikifarmer.com/how-to-use-biochar-as-a-water-contaminants-detoxifier-in-fish-farming/,10/24/2023 19:39,"How to use biochar as a water contaminants detoxifier in fish farming This website uses cookies [#IABV2_TITLE#] Lambert Aliginia Aquatic pollution, causes, and effects on fish farming Methods of regulating contaminants in aquaculture facilities Join our editorial team Latest Articles Relevant Articles Welcome to Wikifarmer Sign in Password reset Agricultural and Environmental sustainability certification specialist Biochar as a detoxifier in fish culture facilities Advantages and Significance of Biochar in Fish Facilities OUR PARTNERS Are you a farmer? Pictures of Biochar sacks in fishpond Toxic contaminants end up in our state’s waterbodies in different ways. Industrial and municipal discharges, agricultural practices, and stormwater runoff can all put harmful substances into the water. Rain can also wash chemicals from the land or air into streams, rivers, lakes, and Puget Sound. Toxic contaminants enter our state’s waters in a variety of ways. Industrial and municipal waste, agricultural activities, and stormwater runoff can all release toxic substances into water. Rain can also wash chemicals from the soil or air into streams, rivers, and lakes. Contaminants such as polychlorinated biphenyls (PCBs), polybrominated diphenyl ethers, dioxins, and chlorinated pesticides are present in water, sediment, and food consumed by fish. In polluted areas, bottom fish (certain fish species that live at or near the bottom of a body of water) are especially likely to contain high levels of these chemicals because these substances settle to the bottom where they feed. The health risk to humans eating contaminated fish and seafood is that contaminants can build up in the human body over time. It can take five years or more for women in their childbearing years to rid their bodies of PCBs, and 6-12 months to reduce their mercury levels significantly. Mercury, PCBs, and other contaminants can be passed on to a developing fetus through the placenta. The increasing global contamination of water systems by industrial or natural substances constitutes one of humanity’s major environmental problems. Most of these aqueous substances exist in low concentrations; however, their long-term contamination can cause severe toxicity problems. Water quality assessment requires the implementation of appropriate and cost-effective technologies to effectively remove microscopic pollutants while ensuring the maintenance of essential components of aquatic life, such as the presence of individual minerals, etc. Developing such technologies often involves dangerous chemicals that are not environmentally friendly. Therefore, there is an urgent need for suitable “functional” ecological materials that can easily reduce the number of micropollutants in aquatic systems. Commonly used functional materials have significant limitations due to their dependence on fossil fuels and energy-intensive melting conditions. A renewable carbon-rich biomaterial that could be a promising alternative to other carbon materials used in the production of water pollution treatment equipment has been proposed to solve the problem. 1. Biochar – The physical and chemical properties of Biochar has high charge and surface area, making it ideal for pond water treatment in the same way that Biochar is used in activated carbon filtration in potable water. Biochar is great at absorbing pesticides and fertilizers to help keep your waterways free of harmful compounds and has demonstrated its potential to remove heavy metal ions from water. Biochar is a carbon-rich material produced from the pyrolysis of biomass in a closed system by a reduction reaction. This material is called “biochar” and is defined as the fine-grained carbon and ash biological product obtained from anaerobic biomass digestion. Biochar material has strong water and nutrient adsorption capacity, is very stable, and can also remove organic/inorganic pollutants. Aquaculture has developed many different fish production systems and is very popular in recent decades. These systems were developed to increase productivity by increasing fish density, which raises the issue of toxicity of wastewater discharged into aquatic ecosystems. Therefore, one solution to this problem is to integrate the aquaculture system with the toxicity control method of Biochar, where Biochar can adsorb and dissolve compounds from wastewater. Soluble compounds contain two main components: nitrogen and phosphorus compounds from fish feed. Nitrogen and phosphorus are retained in the fish’s body, and a certain amount is released into the culture water, over time causing eutrophication. Eutrophication refers to the process by which water gradually accumulates high nitrogen and phosphorus concentrations. This process can lead to a decrease in oxygen in the water after the algae is decomposed by bacteria. Aquabiochar refers to the integration of aquaculture and biochar as water toxicity regulators and detoxifiers. 2. Biofloc technology (BFT) is considered the new “green revolution” because nutrients can be continuously recycled and reused in the growing medium, benefiting from minimal or no water changes. Furthermore, the sustainable approach of such a system depends on high fish/shrimp production in small areas. In addition, bioflocs provide a food source rich in natural proteins and lipids that are locally available 24 hours a day due to the complex interactions between organic matter, physical substrates, and various microorganisms. This natural productivity plays an important role in recycling nutrients and maintaining water quality. Biofloc technology (BFT) systems have emerged as practical and inexpensive solutions to meet the above prerequisites for sustainable aquaculture development. BFT works on the accumulation of inorganic nitrogen, one of the main problems faced in the aquaculture industry. Conclusion Biochar is the most effective and environmentally friendly method of eliminating toxicities in aquatic facilities while creating a conducive breeding ecology for fish reproduction. This method seeks to protect consumers by purifying the water and absorbing contaminants from water bodies and fishes which tends to affect consumers that feed on contaminated fishes. References Join our community and contribute to Wikifarmer, a platform based on the knowledge of a diverse community of farmers and people working in the agricultural industry from all over the world. We join forces with N.G.O.s, Universities, and other organizations globally to fulfill our common mission on sustainability and human welfare. Wikifarmer is a global platform with the mission of empowering farmers through educating them and offering them access to the open market to sell their products at fair prices. Sell your agricultural products online Copyright © 2017 – 2023 Wikifarmer, All Rights Reserved Join Wikifarmer to become a member of the most accredited source of free agricultural knowledge. By signing-up, you agree to the Wikifarmer User Agreement and Privacy Policy Already have an account? Click here to login. Forgot your password? Click here. Not a member yet, click here to sign up. Please enter your email below. Once submitted, you will receive an email containing the instructions to recover your account. Necessary Preferences Statistics Marketing 15 CookieConsent Stores the user's cookie consent state for the current domain Expiry: 1 year Type: HTTP _GRECAPTCHA This cookie is used to distinguish between humans and bots. This is beneficial for the website, in order to make valid reports on the use of their website. Expiry: 180 days rc::e This cookie is used to distinguish between humans and bots. Expiry: Session Type: HTML _grecaptcha Expiry: Persistent rc::a rc::b rc::c CONSENT Used to detect if the visitor has accepted the marketing category in the cookie banner. This cookie is necessary for GDPR-compliance of the website. Expiry: 2 years laravel_session This cookie is used internally by the website’s owners, when uploading or renewing website content. Expiry: 1 day XSRF-TOKEN Ensures visitor browsing-security by preventing cross-site request forgery. This cookie is essential for the security of the website and visitor. cookietest This cookie is used to determine if the visitor has accepted the cookie consent box. ip2location_redirection_first_visit Used to redirect users based on their location. sid_customer_6666c Used to authenticate users. Expiry: 14 days wf_splash_screen Used to remember if user has already seen the splash screen. Expiry: 2 days wpEmojiSettingsSupports This cookie is part of a bundle of cookies which serve the purpose of content delivery and presentation. The cookies keep the correct state of font, blog/picture sliders, color themes and other website settings. 1 __3perf_googleFontsStylesheet The cookie is used in context with the local-storage function in the browser. This function allows the website to load faster by pre-loading certain procedures. 11 collect Used to send data to Google Analytics about the visitor's device and behavior. Tracks the visitor across devices and marketing channels. Type: Pixel _ga Registers a unique ID that is used to generate statistical data on how the visitor uses the website. _ga_# Used by Google Analytics to collect data on the number of times a user has visited the website as well as dates for the first and most recent visit. _gat Used by Google Analytics to throttle request rate _gid td Registers statistical data on users' behaviour on the website. Used for internal analytics by the website operator. __cf_bm __hssc Identifies if the cookie data needs to be updated in the visitor's browser. __hssrc Used to recognise the visitor's browser upon reentry on the website. __hstc Sets a unique ID for the session. This allows the website to obtain data on visitor behaviour for statistical purposes. hubspotutk 37 lastExternalReferrer Detects how the user reached the website by registering their last URL-address. lastExternalReferrerTime _fbp Used by Facebook to deliver a series of advertisement products such as real time bidding from third party advertisers. Expiry: 3 months IDE Used by Google DoubleClick to register and report the website user's actions after viewing or clicking one of the advertiser's ads with the purpose of measuring the efficacy of an ad and to present targeted ads to the user. pagead/landing Collects data on visitor behaviour from multiple websites, in order to present more relevant advertisement - This also allows the website to limit the number of times that they are shown the same advertisement. pcs/view Used by DoubleClick to determine whether website advertisement has been properly displayed - This is done to make their marketing efforts more efficient. test_cookie Used to check if the user's browser supports cookies. ads/ga-audiences Used by Google AdWords to re-engage visitors that are likely to convert to customers based on the visitor's online behaviour across websites. pagead/1p-user-list/# Tracks if the user has shown interest in specific products or events across multiple websites and detects how the user navigates between sites. This is used for measurement of advertisement efforts and facilitates payment of referral-fees between websites. rc::h Pending pagead/gen_204 pcs/activeview csi Collects data on visitors' preferences and behaviour on the website - This information is used make content and advertisement more relevant to the specific visitor. rc::f __gads Used to register what ads have been displayed to the user. __gpi Collects information on user behaviour on multiple websites. This information is used in order to optimize the relevance of advertisement on the website. _gcl_au Used by Google AdSense for experimenting with advertisement efficiency across websites using their services. GoogleAdServingTest __ptq.gif Sends data to the marketing platform Hubspot about the visitor's device and behaviour. Tracks the visitor across devices and marketing channels. LAST_RESULT_ENTRY_KEY Used to track user’s interaction with embedded content. LogsDatabaseV2:V#||LogsRequestsStore Type: IDB nextId remote_sid Necessary for the implementation and functionality of YouTube video-content on the website. requests TESTCOOKIESENABLED VISITOR_INFO1_LIVE Tries to estimate the users' bandwidth on pages with integrated YouTube videos. VISITOR_PRIVACY_METADATA YSC Registers a unique ID to keep statistics of what videos from YouTube the user has seen. yt.innertube::nextId YtIdbMeta#databases yt-remote-cast-available Stores the user's video player preferences using embedded YouTube video yt-remote-cast-installed yt-remote-connected-devices yt-remote-device-id yt-remote-fast-check-period yt-remote-session-app yt-remote-session-name 4 rfp_final_page vendor_locations.customer_geolocation vendor_locations.customer_locality lg_cookie [#BULK_CONSENT_DOMAINS_COUNT#] List of domains your consent applies to: Do not sell or share my personal information Cookiebot by Usercentrics ENGLISH ESPAÑOL FRANÇAIS DEUTSCH NEDERLANDS हिन्दी العربية TÜRK 简体中文 РУССКИЙ ITALIANO ΕΛΛΗΝΙΚΑ PORTUGUÊS TIẾNG VIỆT INDONESIA 한국어 POLSKI MARKET Aquaculture Share it: Tags: Aquabiochar aquaculture biochar Toxicities sign up with Google sign up with Facebook Sign up sign in with Google sign in with Facebook Reset password"
https://wikifarmer.com/how-to-use-biochar-as-a-water-contaminants-detoxifier-in-fish-farming/,10/24/2023 19:10,Error: 'tuple' object has no attribute 'split'
https://wikifarmer.com/how-to-use-biochar-as-a-water-contaminants-detoxifier-in-fish-farming/,10/24/2023 19:12,Error: list index out of range
https://www.greenenergystorage.eu/career/,10/23/2023 16:25,"WORK WITH US FOR THE FUTURE OF ENERGY Technical electrical Technical Chemical Experimental metrology expert Prototyping and Operations Specialist Physical Modelling Team Leader Embedded systems (SW-HW-FW) specialist Technical buyer R&D PROJECT MANAGER Candidacy has been sent Apply for one of the available positions or send us your spontaneous application. Our team is always looking for new talents job team location R&D Trento or Rovereto GES, PMI Innovativa con sede a Trento, sviluppa tecnologie innovative in ambito energy storage. La società è una realtà in espansione in un mercato al centro della transizione energetica e previsto in significativa crescita nei prossimi anni. PROFILO Il profilo ricercato è una persona con profilo di tecnico elettrico e con esperienza in progettazione di sistemi elettrici/elettronici, gestione e manutenzione impianti e automazione industriale. POSIZIONE La persona sarà inserita in qualità di tecnico elettronico/elettrico nel gruppo Prototyping all’interno della funzione R&D e svolgerà le seguenti attività: Ricerca di letteratura sulle attività specifiche del gruppo e in generale sulla tecnologia di GES. REQUISITI Soft skills Manualità e precisione; Capacità di problem solving; Resistenza allo stress e ai picchi di lavoro; Elevata affidabilità, flessibilità e disponibilità; Autonomia e critical thinking; Abilità di comunicazione sia orale che scritta. Hard skills Conoscenza di elettrotecnica, elettronica, telecomunicazione, hardware, cablaggi e saldature; Conoscenza di gestione e manutenzione impianti. Sono considerati requisiti preferenziali non obbligatori: Conoscenze di chimica COMPETENZE LINGUISTICHE Inglese: almeno livello B1 o superiori TITOLO DI STUDIO Perito elettrotecnico. Possono essere valutati altri titoli di studio in caso di dimostrabile esperienza professionale che testimoni il conseguimento dei requisiti richiesti. CONTRATTO Tenure track: contratto temporaneo fino a dodici mesi finalizzato a successiva assunzione a tempo indeterminato per copertura di posizione permanent o contratto di apprendistato L’azienda applica il CCNL Terziario/Confcommercio. Livello retributivo in linea con i valori di mercato da determinare in base alle effettive esperienza e competenza del candidato (da verificare in sede di colloquio). CLOSE Il profilo ricercato è una persona con background tecnico chimico e con esperienza in laboratorio chimico nella formulazione e manipolazione di agenti chimici. Conoscenza di chimica e gestione sostanze chimiche in laboratorio Possibilità di valutazione del contratto di apprendistato in caso di candidato eleggibile. GES is an innovative SME based in Trento, Italy, that aims to revolutionize the global energy market. We are developing innovative energy storage technologies and we are an expanding player in a market at the center of the energy transition and are expected to fast grow in the coming years. PROFILE The profile searched has in-depth knowledge of metrology for the development of diagnostic and measurement systems and protocols, particularly applied to the fields of thermodynamics, fluid dynamics and electrochemistry. Manual dexterity, precision and tidiness are required. ROLE The resource will be placed in the Prototyping team within the R&D function and will perform the following tasks: REQUIREMENTS Problem-solving skills; Resistance to stress and peak workloads; High reliability, flexibility and availability; Autonomy and critical thinking Knowledge of the Python language; Knowledge of data acquisition hardware and software. The following are considered non-mandatory preferential requirements: LANGUAGE English: at least B1 level, preference for B2 level or higher EDUCATION PhD in experimental physics, physical engineering, industrial engineering, or related. Other degrees may be valued where there is demonstrable professional experience testifying to the achievement of the requirements. CONTRACT Temporary contract for up to twelve months with a view to subsequent permanent employment to fill a permanent position. Also, possibility of apprentice contract evaluation in case of the eligible candidate. The company applies the Tertiary/Confcommercio CCNL. Salary level in line with market values to be determined based on candidate’s experience and expertise (to be verified during the interview). The profile searched has technical background and experience in prototyping storage systems and/or hydrogen technologies. The person will be placed in the Operations function, which he/she will contribute to develop by working together with the R&D prototyping team in the first phase. The person will perform the following activities: High reliability, flexibility, and autonomy. Ability to understand the typical dynamics of a fast-changing organizational reality Problem-solving Knowledge of CAD software Knowledge of mechanical engineering to design, develop, build, and test GES battery [prototyping] Knowledge of construction processes for battery design and development, as well as for scale-up and industrialization [prototyping] Experience At least ten years of professional experience is required, including at least three years in a structured setting working on the prototyping of energy storage and/or hydrogen technologies. In addition, experience in setting up R&D/prototyping labs and prototype production facilities is required. Bachelor’s degree in mechanical, chemical, electrical, or industrial engineering. Other degrees may be valued where there is demonstrated professional experience testifying the achievement of the requirements. Permanent contract to fill a permanent position. Operations The profile searched has in-depth knowledge of finite element physical modelling for simulation and modelling (fluid dynamics, mechanics, electrochemistry, etc.), definition and development of the cell parts and battery system of GES, and their subsequent construction and testing. The person will be placed as Team Leader of the Physical Modelling group within the R&D function and will perform the following activities: Leadership skills and work coordination; Resistance to stress and work peaks; Communication skills both oral and written. Deep knowledge of physics and finite element physical modelling (e.g., COMSOL, ANSYS, or other similar software) PhD in experimental physics. Other degrees may be valued if there is demonstrable professional experience testifying the achievement of the requirements. Tenure track: temporary contract for up to twelve months with a view to subsequent permanent recruitment to fill a permanent position. GES is an innovative SME based in Trento, Italy, that aims to revolutionize the global energy market. We are developing innovative energy storage technologies and we are a growing player in a market at the center of the energy transition which is expected to be rapidly growing in the coming years. The researched profile has deep knowledge of software, firmware and control hardware development, used to create highly innovative and smart embedded system with AI and predictive algorithms for GES flow battery control. S/He will be Embedded Systems Team Leader within R&D function and will perform the following activities: Autonomous and critical thinking Knowledge of the programming languages C++, html, javascript, and asynchronous programming; Knowledge of industrial communication protocols, e.g., ModBus and EtherCat, and wireless communication; Knowledge of compilers such as gcc, g ++, makefile; Deep knowledge of hardware, firmware and software development for data acquisition and use of state machines; Knowledge of embedded systems, their construction and operation; Knowledge of embedded systems functionalities for data monetization and similar purposes. Previous experience is required in the development from scratch of embedded systems for medium-high complexity products (which require an advanced control system). Professional experience between 4 and 10 years is required. Preferential (non-mandatory) requirements are: Degree/PhD in experimental physics, information engineering or related. Other degrees may be considered where there is demonstrated professional experience with regards to the specific requirements. Based on the candidate’s experience: OR The researched profile has technical background and experience in purchasing. S/He will interface with other business functions to gather procurement needs and independently manage the subsequent purchasing process. The assets currently acquired by the company have a high technological characterization. S/He will be part of Operations function, and will perform the following activities: Excellent analytical and negotiation skills; Spirit of collaboration and cooperation Knowledge of materials, mechanical and physical characteristics of major components of storage systems; Strong experience with national and international contracting tools; Project management skills in order to support the various lines of business with purchases; Excellent command of Office package (Especially Word, Excel and Powerpoint). It is necessary for the candidate to have at least three years of experience in the purchasing department in a structured company, preferably in the energy storage or related field and with a significant R&D component. Bachelor’s degree in engineering or related field. Fixed-term contract up to twelve months aimed at subsequent permanent employment. Possibility of apprentice contract evaluation in case of eligible candidate. The researched profile is a person with a technical background and experience in R&D project management, preferably with experience in storage systems and/or hydrogen technologies. The person will be placed in the R&D function and will report to the CEO. S/He will perform the following activities: Strong leadership and team management skills Effective Communication and interpersonal skills Problem-solving and decision-making abilities Adaptability and flexibility Organizational and time management skills Negotiation and conflict resolution skills Motivational and mentoring skills Project management methodologies with certifications (e.g. PMP, PRINCE2, Agile) Knowledge of stage-gate methodology Understanding of IP policies and regulations Budgeting and financial management Risk management and mitigation techniques Knowledge of product development life cycle Proficiency in MS Office, particularly MS Project, Excel, and PowerPoint Ability to analyze data and make informed decisions via structural presentation and KPI analysis Understanding of cross-functional teamwork and team dynamics Strong written and verbal communication skills Technical knowledge of battery systems or similar products is desirable At least 5 years of experience in project management of R&D projects, preferably in the energy storage industry or similar Proven experience with project planning, budgeting, risk management and knowledge management Proven experience leading cross-functional teams and managing IP aspects of R&D projects English: at least B1 level, preferably B2 level or higher Bachelor’s degree in management engineering or similar. Other degrees may be evaluated where there is demonstrated professional experience confirming the requirements. Ticket restaurant Smart working Stock options (optionally). No open positions that suit you? Send a spontaneous application by filling up the form below Name* Last name* Email address* What areas of work are you interested in?* Planning & Business Development Research & Development Operations Administration, Finance and Control Sales Staff (Legal, HR, Communications, Quality) Specify your profession Specify your level of instruction* PhD Master Degree Degree Diploma Add notes Upload here your CV* By clicking you confirm that you have read and accept the Privacy Policy conditions Il CV selezionato non rispetta l’estensione corretta è stato caricato correttamente Thanks, your application has been submitted OF ENERGY non-mandatory) requirements are: technical background and experience in purchasing . S/He will interface with other business functions to gather procurement needs and independently manage the subsequent process . The assets currently acquired by the company have a high technological characterization Scouting, sourcing and validating new suppliers; Developing an annual purchasing strategy; Developing and managing business relationships and contracts with suppliers; Developing cost-effective purchasing strategies Negotiating economic and contractual terms and conditions-timing, cost, quantity, delivery method of supplies; Taking care of the conduct of purchasing negotiations and negotiation of economic and contractual conditions; and Managing supplier master data and quality; Issuing purchase orders; Drafting reports on Procurement activities It is necessary for the candidate to at least three years of in the department in a structured company, preferably in the energy storage or related field and with a significant R&D component. Possibility apprentice contract evaluation in case of eligible candidate. will perform the following activities: What areas of work are you interested in?* Planning & Business Development Research & Development Operations Administration, Finance and Control Sales Staff (Legal, HR, Communications, Quality) Specify your profession Specify your level of instruction* PhD Master Degree Degree Diploma Add notes"
https://www.greenenergystorage.eu/press-area/,10/23/2023 16:25,PRESS KIT Here you can find the most recent press releases and the official GES' press kits. Foto-GES-Press-Kit.zip
https://www.greenenergystorage.eu/contact-us/,10/23/2023 16:25,"CONTACT US PRESS AREA We got your message info@greenenergystorage.eu Name* Last name* Email address* What is your role?* I'm a journalist I'm an investor Sales Other Write your message* By clicking you confirm that you have read and accept the Privacy Policy conditions Thanks for your interest, we will get back to you as soon as possibile. Last name* Email address* What is your role?* I'm a journalist I'm an investor Sales Other Write your message* By clicking you confirm that you have read and accept the Privacy Policy conditions"
https://www.greenenergystorage.eu/investor-area/,10/23/2023 16:25,CORPORATE AND INVESTOR AREA ITALIAN VERSION ENGLISH VERSION In this area you can download the financial deck of the company Captable.pdf Visura-aggiornata-al-17-05-21.pdf Codice-Etico-GES.pdf Conferenza-congiunta-IPCEI_22.pdf Comunicato-stampa-GES-DE-NORA-ENG.pdf
https://www.greenenergystorage.eu/2022/07/26/le-batterie-del-futuro-saranno-sviluppate-in-trentino-conferenza-stampa-congiunta-provincia-autonoma-di-trento-fbk-e-ges/,10/23/2023 16:25,"Le batterie del futuro saranno sviluppate in Trentino: conferenza stampa congiunta Provincia Autonoma di Trento, FBK e GES Dopo l’ufficialità del finanziamento IPCEI da 53 milioni di euro, GES continua a portare avanti la propria roadmap progettuale attraverso le partnership strategiche. Il 25 luglio 2022, nella sala Belli presso il Palazzo della Provincia Autonoma di Trento, GES e FBK, in conferenza congiunta insieme alla PAT, hanno illustrato i propri obiettivi di sviluppo nel contesto dell’iniziativa IPCEI, sottolineando come il territorio della Provincia riesca a stimolare e supportare l’innovazione tecnologica in un settore chiave come quello delle batterie. La straordinarietà dell’iniziativa e l’eccellenza degli attori coinvolti hanno fatto sì che la notizia venisse riportata da: Il Comunicato stampa ufficiale dell’evento può essere consultato a questo link Il Comunicato stampa della Provincia Autonoma di Trento è disponibile a questo link"
http://www.greenenergystorage.eu/records/,10/23/2023 16:25,Log in to the App This site is accessible to approved users only. Nome utente Password Ricordami Registrati | Password dimenticata?
https://www.greenenergystorage.eu/it/2019/04/19/efficienza-energetica-e-made-in-italy-il-sistema-di-accumulo-organico-per-le-energie-rinnovabilile-2019/,10/23/2023 16:25,"Efficienza energetica: è “Made in Italy” il sistema di accumulo organico per le energie rinnovabilile 2019 RASSEGNA STAMPA Iscriviti alla newsletter ISCRIZIONE COMPLETATA TORNA ALLA SEZIONE IN THE NEWS La Stampa - Tecnologie all’avanguardia, brevetto e partnership internazionali, team d’eccellenza: è Green Energy Storage (GES), la startup italiana dell’efficienza energetica. Nata nel 2016, forte di un accordo di esclusiva per l’Europa con l’Università di Harvard. GES ha sviluppato un sistema di accumulo organico per le energie rinnovabili basato su una molecola organica, il chinone, che si estrae dai vegetali e dagli scarti del petrolio. Si tratta, in pratica, di batterie a flusso a basso impatto ambientale che permettono di accumulare l’energia prodotta da fonti rinnovabili – ad esempio solare ed eolica – e di utilizzarla con flessibilità, riducendo contemporaneamente i costi. Pensata per l’efficienza e il risparmio energetico di abitazioni e imprese commerciali, la batteria organica a flusso risponde alle nuove esigenze dei consumatori e del mercato, dimostrando l’effettiva attuabilità economica e tecnologica dei sistemi di accumulo di energia basata su AQDS (chinoni reperibili in natura, atossici e facilmente estraibili) e proponendo una soluzione nell’ottica di transizione verso la produzione di energia verde. La tecnologia a basso impatto ambientale, la scalabilità e la soluzione personalizzabile in base alle esigenze dei clienti hanno permesso a Green Energy Storage di guadagnare diversi riconoscimenti e finanziamenti all’interno del programma Horizon 2020 dell’Unione Europea, da parte della Provincia di Trento e dal Governo olandese, con un grant vinto nel 2018. Nelle ultime settimane del 2018 la società ha consegnato la prima serie pre-commerciale da 2,5 Kw/10Kwh e nel 2019 avvierà la grande produzione della prima serie commerciale da 10Kw/40Kwh. Inoltre, si è chiusa con successo a metà marzo una seconda campagna di equity crowdfunding sulla piattaforma italiana Mamacrowd, dove GES ha raccolto oltre 2 milioni di euro di adesioni da parte di investitori privati. I fondi saranno utilizzati per potenziare la produzione di questi innovativi sistemi di accumulo di energie rinnovabili: “Nel 2019 sarà avviata la grande produzione della prima serie commerciale di batterie a flusso. In tre anni abbiamo fatto tanta strada, non soltanto grazie ai giovani talenti che fanno parte di Green Energy Storage, ma anche agli investitori che hanno scelto di puntare su una startup che intende diventare uno dei player fondamentali nella sfida del cambiamento climatico”, spiega Salvatore Pinto, Presidente Green Energy Storage. Per lavorare a questo progetto, Green Energy Storage ha messo in campo un team composto dalle migliori eccellenze italiane e siglato partnership nazionali e internazionali di primaria importanza, che consentiranno tanto di potenziare la ricerca e sviluppo quanto di aggredire con ancora più forza il mercato. In particolare, alle partnership con Harvard University e Fondazione Bruno Kessler e agli accordi con Sorgenia e Romande Energie, si sono aggiunte quelle con ICL di Tel Aviv, con il Centro di ricerca olandese sull’energia DIFFER (Dutch Institute for fundamental energy research), con Manica, azienda trentina leader mondiale nella lavorazione del solfato di rame. Inoltre è stato creato il consorzio Ne.Mo che, insieme con Materials Mates Italia e Sharengo (leader del car sharing elettrico), vedrà GES impegnata nel dare una seconda vita alle batterie della mobilità elettrica, oltre allo sviluppo congiunto di nuove soluzioni “GES ha superato anche i numeri record ottenuti nel 2017 dalla prima campagna – realizzata sempre su Mamacrowd – con cui la startup aveva raccolto 1 milione di euro”, sottolinea Dario Giudici, Ceo di Mamacrowd.com. “I numeri confermano come l’equity crowdfunding stia diventando sempre più uno strumento adatto anche per i round milionari di startup e PMI. I due milioni raccolti sulla piattaforma – aggiunge Giudici – consentiranno ora a GES di seguire il percorso di sviluppo e consolidamento sostenuto ora da più di 600 investitori”. ARTICOLI CORRELATI 26 Luglio 2023 26 Luglio 2022 14 Giugno 2022 Inserisci nome ed email per rimanere sempre aggiornato sulle novità del mondo di Green Energy Storage *Tutti i campi sono obbligatori Nome* Email* Iscrivendoti confermi di aver preso visione e accettato le condizioni sulla Privacy Policy Grazie per esserti iscritto alla nostra newsletter. Noi e terze parti selezionate utilizziamo cookie o tecnologie simili per finalità tecniche e, con il tuo consenso, anche per altre finalità come specificato nella cookie policy. Il rifiuto del consenso può rendere non disponibili le relative funzioni. Usa il pulsante “Accetta” or chiudi questa informativa per acconsentire. Nome* Iscrivendoti confermi di aver preso visione e accettato le condizioni sulla Privacy Policy"
https://www.greenenergystorage.eu/2022/11/17/press-review-repower-becomes-a-shareholder-of-green-energy-storage/,10/23/2023 16:25,"The entrance of one of the major players in the sector in Italy into the share capital of a highly innovative company like GES could not go unnoticed. Indeed, various media reported the news of the transaction between Repower Italia S.p.A. and Green Energy Storage S.r.l., highlighting the perfect matching between Repower openness to sustainable innovation and GES breakthorugh technology, included within a shared path of growth and development. We recommend you to follow our official channels for further updates."
https://www.greenenergystorage.eu/2023/07/26/giovanni-battista-zorzoli-appointed-senior-scientific-advisor/,10/23/2023 16:25,"GIOVANNI BATTISTA ZORZOLI APPOINTED SENIOR SCIENTIFIC ADVISOR We are pleased to share with you a series of articles recently published in prestigious national newspapers regarding the appointment of Giovanni Battista Zorzoli as Senior Scientific Advisor at Green Energy Storage (GES). This recognition is a testimony to his remarkable contribution in the field of green energy and technological innovation. Among the numerous articles that have appeared, below is a selection of the main ones: Please follow our official channels for further updates."
https://www.greenenergystorage.eu/team/,10/23/2023 16:25,"COMPETENCES AND DIVERSITY WORLDWIDE EXPERIENCES 13 countries MEET THE TEAM All board of directors management r&d staff SALVATORE PINTO MATTEO MAZZOTTA RODOLFO PINTO RICCARDO GOGGI GIANNI ARMANI MARIO MASCOLO GIOVANNI BATTISTA ZORZOLI ILARIA PUCHER KATIA ANTONICOLI ENEKO AZÀCETA ZAKARIA EL KOURA LUCA BARATTINI THEO SALVI FRANCESCA NICCOLAI FRANCESCO CAMPAGNA PIETRO IURILLI MICHELE TRIBBIA ANDREA LOSS INGRID HUSPERGHEN CHAIRMAN CEO BOARD MEMBER ADVISOR SENIOR SCIENTIFIC ADVISOR HEAD OF R&D HR & LEGAL MANAGER EXPERIMENTAL TEAM LEADER PROTOTYPING TEAM LEADER EXECUTIVE ASSISTANT TO CEO & PROJECT MANAGER MEMBRANES SCIENTIST PROTOTYPING TECHNICIAN PROTOTYPING ENGINEERING SCIENTIST ELECTROLYTES AND CATALYST SCIENTIST ELECTRODES & CATALYST TECHNICIAN Leading the research for the development of our technology, a team composed by 56% Phds in 7 different areas of specialization. 20 people, 13 countries: GES is a place for frontier technology and innovation, where talents with different experiences in international contexts of excellence meet to shape together the future of energy. Spain / Belgium / Germany / USA / Italy / Camerun / Nigeria / Mali / Etiopia / Kenya / Sudan / China / Switzerland Competences and diversity IN THE ENERGY Spain / Belgium / Germany / USA / I taly Camerun / Nigeria / Mali /"
https://www.greenenergystorage.eu/assets/,10/23/2023 16:25,"Based on proprietary knowledge, GES is developing the upscaling phase of the hybrid system prototype, from lab-scale to real-size. The innovative results coming from the R&D activities are going to be protected with new patents. The Important Project of Common European Interest (IPCEI) EuBatIn has been approved by the European Commission and the Italian Ministry of Economic Development as part of the State Aid Rules. The main goal is to develop a disruptive flow battery system made of highly innovative and sustainable materials to unlock the full technological potential of the battery value chain in Europe. The total project cost is € 62.4M with a public contribution of € 61.5M, covering both RDI and First Industrial Deployment (FID) phases Within the H2020-FTI program with a total value of €2M, Green Energy Storage took part in the Greenernet project, in partnership with Aarhus Universitet, Università degli Studi di Roma Tor Vergata and the companies Engineering and Evopro Innovation KFT. At the end of the project, GES developed 4 pre commercial prototypes of an innovative flow battery, based on Harvard patent, each of them characterized by 2,5 kW of Power and 10 kWh of Energy, assembled together inside of a nanogrid and controlled by a Battery Management System (“BMS”) specifically developed. GES took part in the COMESTO project, promoted by the Italian Ministry for University and Research, with other 14 partners (such as Enel Distribuzione, ENEA, FBK and a few universities). The main goal of the project was implementing and testing a hybrid nano grid system for private users, able to integrate different systems for the generation of energy from renewable sources, storage systems, micro cogeneration and generation systems. Moreover, the project includes the development of a dedicated platform for the energy management of an Energy Storage Community. Within the project Greenersys, sponsored by the Provincia Autonoma di Trento, GES developed a new design for the cell and a complete battery system, with the main goal of reducing production costs and increasing the performance. In collaboration with the Dutch Institute for Fundamental Energy Research (DIFFER) and the Dutch NWO organization, GES works to identify a new material dedicated to flow batteries. The goal is to identify molecules with peculiar features, through computational chemical models and calculations, realizing a database and carrying out subsequent lab tests Kyoto Club is a non-profit organisation whose members are engaged in reaching the greenhouse gas reduction targets set by the Kyoto Protocol, by the EU ones for 2030 and by the December 2015 Paris Agreement. To reach its goals, Kyoto Club promotes awareness-raising initiatives, information and training to foster energy efficiency, renewable energy sources, waste reduction and recycling and sustainable agriculture and mobility. The Association aims at supporting the exchange of information and best practices on Life Cycle Assessment methodology in Italy and at fostering networking activities between different actors through working groups and annual events as well as training on LCA method. The European Battery Alliance is a unique platform for more than 600 industrial, innovation and academia stakeholders, with the objective of building a strong pan-European battery industry that is able to help Europe capture a growing market worth 250B€/year from 2025. Batteries Europe is the technology and innovation platform of the EBA. It aims to accelerate the establishment of a competitive European battery industry, driving the implementation of battery-related research and innovation actions of the SET Plan and of the STRIA. BEPA is the private side association of the Batteries European Partnership under Horizon Europe. It aims to boost a competitive and sustainable European battery value chain for stationary applications and e-mobility and to drive the transformation towards a carbon-neutral society. BATTERY 2030+ is the large-scale and long-term European research initiative with the vision of inventing the sustainable batteries of the future, providing European industry with disruptive technologies and a competitive edge throughout the battery value chain. FUTURE OF ENERGY #CHEMISTRY Catholyte formulation with alternative additive - 2022 Catholyte chemistry and electrochemical reactions Catholyte chemistry for Hydrogen flow battery, hybrid system gas + liquid - 2021 Aqueous anolyte composition for flow battery system Harvard AQDS TECHNOLOGY PATENT License Agreement - 2015 #DEVELOPMENT Hydrogen battery upscaling #MARKET Nanogrid System for ComESto project - 2020 In-house components development - 2019 First pre-commercial prototype 2,5kW/10kWh - 2018 First AQDS prototype #FINANCE IPCEI EuBatIn grant IPCEI 2015 - 2018 2018 - ON GOING Greenersys Project 2015 - 2020 Colorflow Project 2018 - 2021"
https://www.greenenergystorage.eu/news/,10/23/2023 16:25,IN THE NEWS VIDEOS AWARDS all news Awards Events Partnerships Press mentions Shareholders Video PRESS REVIEW: REPOWER becomes a shareholder of GREEN ENERGY STORAGE FILTER BY: SHAREHOLDERS EVENTS 28 July 2022 14 June 2022 21 April 2022 26 January 2021
https://www.greenenergystorage.eu/technology/,10/23/2023 16:25,"THE HYDROGEN BATTERY BASED ON GREEN MULTIMATERIALS CHEMISTRY HARDWARE SOFTWARE FIELDS OF APPLICATION RESIDENTIAL, COMMERCIAL & INDUSTRIAL UTILITIES AND DISTRIBUTION NETWORKS A clean, safe, accessible breakthrough technology. GES devised a hydrogen battery based on a hybrid system with hydrogen plus a patented liquid electrolyte: the battery produces the necessary hydrogen for a charge/discharge closed loop. In addition to this, R&D activities have successfully led to the improvement of another redox couple for a classic liquid/liquid flow battery, also covered by a patent. Our expertise in computational chemistry lets us be at the edge of the future electrolyte discovery which will further improve the innovativeness and sustainability of our solutions. Our storage system is entirely designed in-house, from the selection of sustainable cell materials and battery components to the development of key elements such as membranes and catalysts. Unlike classic fuel cells, a separate external hydrogen supply system is not required for its functioning. The battery architecture allows the replacement of individual components quickly and with limited costs, allowing cheaper maintenance compared to alternative technologies. The development of the Battery Management System software aims at enhancing the performances, safety, and lifetime of storage systems throughout different modes of operation. The adoption of advanced sensors, combined with AI algorithms, machine learning, IoT and Blockchain, enables improved state indicators (e.g. State of Health or State of Safety), methods for the early detection of failures and consequent predictive maintenance, as well as communication protocols for the integration and management of hybrid systems. Our stationary storage system allows to manage energy in a sustainable and smart way, in a wide range of application fields For the renewable energy high sized customers, we develop behind the meter solutions for self consumption and energy demand management Self consumption increase Energy demand management Reliability and quality of energy supply Smart grids for energy communities For the suppliers and distributors of electricity, our stationary batteries offer in front of the meter solutions to preserve the grid stability and resilience Voltage support Peak shaving Time of use Energy Management Frequency regulation Investment deferral Electric vehicles charging stations SUSTAINABLE"
https://www.greenenergystorage.eu/,10/23/2023 16:25,"RESHAPING THE ENERGY TRANSITION WHY WE MAKE THE DIFFERENCE SUSTAINABILITY AND INNOVATION FULL STACK EVOLUTION FOR THE FUTURE OF ENERGY WE BELIEVE IN THE ENERGY OF OUR TALENTS NEWS AND VIDEOS 01. Breakthrough technology 02. Sustainability 03. Safety 04. Modularity and scalability 05. High competitiveness PARTNERSHIPS 21 December 2016 With our green and Sustainable Energy Storage System, we build the future of renewable energy GES new battery generation based on a hybrid hydrogen-liquid technology comes from the intersection of R&D, engineering, and product design, to overcome the state of the art of the existing storage systems. Based on proprietary patents, the hydrogen battery is a technology platform which enables the exploitation of a hybrid gas-liquid architecture to enlarge the range of solutions. Building the storage of the future means preserving sustainability along the whole process: for this reason, we develop green chemistries based on abundant and no critical active materials that are easily accessible and characterized by low environmental impact. Besides, GES battery is designed on circular economy and recyclability principles to facilitate end of life management and material reuse. Thanks to the peculiar technological features and the capability to work at room temperature, GES battery provides a high level of safety. Due to its non-corrosive and non-toxic chemistry, the battery doesn’t require anti-corrosion materials. GES stationary storage systems are characterized by the independence between the power and the energy module, offering the possibility to design battery storage solution adapted to the final application requirements. Besides, the modular structure of the systems permits to scale the entire system up to megawatt sized solutions. With a forecasted number of cycles above 12.000 (15-20 years life cycle) and the use of accessible and easily disposable components, our storage system provides long life high performances and a competitive Levelized Cost of Storage (LCOS). Compared to traditional flow batteries, a single electrolyte is an advantage in terms of production cost (halved quantity of raw material). Since 2015, we built a unique and effective know-how in the development of fully green innovative stationary storage systems. Today, thanks to our research method and technology platform based on proprietary knowledge, we are acknowledged among the key players of Energy Storage, and we will strengthen our positioning through the IPCEI for the European Battery Innovation program grant. Researchers, innovators, engineers who chose Italy to develop their ideas and pursue a disruptive scientific research, united by the common goal of sustainability and the ambition of creating the best technology for the future of energy 12 October 2022 ENERGY TRANSITION THE DIFFERENCE OUR TALENTS"
http://www.greenenergystorage.eu/en/,10/23/2023 16:25,"Sitemap Energy Efficiency: the new organic storage system is “made in Italy” PRESS MENTIONS Subscribe to newsletter SUBSCRIPTION REGISTERED 19 April 2019 BACK TO THE LATEST NEWS La startup italiana Green Energy Storage (GES) ha sviluppato batterie a flusso a basso impatto ambientale e conquistato gli investitori sulla piattaforma di equity crowdfunding Mamacrowd. Tecnologie all'avanguardia, brevetto e partnership internazionali, team d'eccellenza: è Green Energy Storage (GES), la startup italiana dell'efficienza energetica. Nata nel 2016, forte di un accordo di esclusiva per l'Europa con l'Università di Harvard, GES ha sviluppato un sistema di accumulo organico per le energie rinnovabili basato su una molecola organica, il chinone, che si estrae dai vegetali e dagli scarti del petrolio. Si tratta, in pratica, di batterie a flusso a basso impatto ambientale che permettono di accumulare l'energia prodotta da fonti rinnovabili - ad esempio solare ed eolica - e di utilizzarla con flessibilità, riducendo contemporaneamente i costi. [Read the article on ""La Stampa""] RELATED CONTENTS 26 July 2023 17 November 2022 26 July 2022 Numero REA TN - 221463 Capitale Sociale € 831.812,56 Partita IVA: 13308551004 Codice SDI: 5RUO82D Via Sommarive, 18 38123 POVO(TN) – Italy Piazza della Manifattura, 1 38068 ROVERETO(TN) – Italy Type in your name and email address to stay up to date with the latest news about Green Energy Storage *These fields are required Name* Email* By registering you confirm that you have read and accepted the conditions on Privacy Policy Thanks for joining our mailing list. We and selected third parties use cookies or similar technologies for technical purposes and, with your consent, for other purposes as specified in the cookie policy. Denying consent may make related features unavailable. Use the “Accept” button or close this notice to consent. | Name* Email* By registering you confirm that you have read and accepted the conditions on Privacy Policy"
https://ampowr.com/disclaimer/,10/23/2023 16:25,"The information contained on this website is for general information purposes only. The information is provided by Ampowr BV and while we endeavor to keep the information up to date and correct, we make no representations or warranties of any kind, express or implied, about the completeness, accuracy, reliability, suitability, or availability with respect to the website or the information, products, services, or related graphics contained on the website for any purpose. Any reliance you place on such information is therefore strictly at your own risk. In no event will we be liable for any loss or damage including without limitation, indirect or consequential loss or damage, or any loss or damage whatsoever arising from loss of data or profits arising out of, or in connection with, the use of this website. Through this website, you are able to link to other websites which are not under the control of Ampowr BV. We have no control over the nature, content, and availability of those sites. The inclusion of any links does not necessarily imply a recommendation or endorse the views expressed within them. Every effort is made to keep the website up and running smoothly. However, takes no responsibility for, and will not be liable for, the website being temporarily unavailable due to technical issues beyond our control. Disclaimer 2022-07-17T14:05:20+00:00"
https://ampowr.com/energy-peak-shaving-optimization-driven-by-the-use-of-ampowr-cosmos-ems-combined-with-bess/,10/23/2023 16:25,"Unlock grid expansion possibilities with Ampowr’s peak shaving solution. By combining a Battery Energy Storage System (BESS) with COSMOS, we enable you to expand your grid capacity without the need for costly infrastructure upgrades. Optimize energy usage, reduce costs, and maintain grid stability with Ampowr’s innovative approach. Objectives of Peak Shaving Example Business Case for Peak Shaving: Ampowr installs 2MWh Ampifarm as peak shaving solution for Costa Rican medical equipment manufacturer. Results and Benefits: Ampowr installs 2MWh Ampifarm as peak shaving solution for Costa Rican medical equipment manufacturer."
https://ampowr.com/category/business-case/,10/23/2023 16:25,"Ampowr recognizes the potential for Battery Energy Storage Systems to participate in energy trading markets, capturing revenue opportunities and providing valuable grid services. By [...] Unlock grid expansion possibilities with Ampowr's peak shaving solution. By combining a Battery Energy Storage System (BESS) with COSMOS, we enable you to expand [...] Harness the power of Ampowr's Battery Energy Storage System (BESS) and Cosmos EMS Energy Optimization Platform to redefine energy self-consumption, minimize sun curtailment, and [...] 2023-07-17T09:51:20+00:00 2023-07-17T09:52:30+00:00"
https://ampowr.com/energy-optimization-and-market-participation-through-the-use-of-ampowr-cosmos/,10/23/2023 16:25,"Ampowr recognizes the potential for Battery Energy Storage Systems to participate in energy trading markets, capturing revenue opportunities and providing valuable grid services. By leveraging an integrated AmpiFARM BESS and Cosmos EMS solution for energy optimization and market participation. Objectives of Energy Trading Opportunities of energy trading"
https://ampowr.com/category/sector/,10/23/2023 16:25,"The Importance of Fire Safety in the Expansion of Energy Storage UK’s Energy Storage Market: Progress and Future Expectations UK Government commits commits £30M to boost energy storage projects Unlocking the Power of Wind and Sun: Why companies should embrace renewable energy Revolutionizing Energy Storage Industry: How energy storage companies are paving the way for a sustainable future. Agrivoltaic farming increase energy production and efficiency. From 2023 in The Netherlands, solar panels installed on or near your home are subject to a 0% VAT rate. Turkey’s energy legislation allows new promising opportunities for energy storage systems. The European Commission steps up the energy transition by accelerating renewable sources to guarantee energy security. Energy storage is becoming increasingly important in the transition to a fully sustainable and clean energy supply. While sustainable energy production offers many advantages, [...] The significance of fire safety becomes paramount when considering the growth of energy storage systems. Fire Safety in the Energy Storage [...] The UK, a leading global market for renewable energy investments, initiated its ""Post-Subsidy"" phase in September 2017 and has experienced consistent growth since. The [...] Revolutionizing the Carbon Sector: UK Government Commits £30 Million Funding Boost to Innovative Carbon Capture and energy storage Projects, creating opportunities for Battery Energy [...] A major grid operator company in the Netherlands is experiencing shortages in their grid, prompting businesses to seek alternative sources of energy to ensure [...] State legislatures play an important role in creating state policies that remove barriers and encourage investment in energy storage technologies. Energy storage technologies [...] Agrivoltaic farming can yield a distinct set of agricultural and environmental benefits and increase energy production and efficiency. Agrivoltaic farming is the simultaneous [...] The Dutch tax authorities have made some changes to the VAT rules for solar panels. According to the Dutch tax [...] During the last quarter of 2022, there was a new update on the legislative frame of the energy sector in Turkey, triggering new promising [...] In November, the EC proposed an additional pack of emergency regulations for the REPowerEU Plan to accelerate the transition to renewable [...] Joey Buehler 2023-07-06T08:48:41+00:00 2023-05-31T09:43:30+00:00 2023-05-12T11:34:23+00:00 2023-05-04T07:38:27+00:00 2023-04-14T11:08:35+00:00 2023-04-04T05:45:15+00:00 2023-03-29T08:23:40+00:00 2023-03-16T08:07:33+00:00 2023-02-15T08:50:16+00:00 2023-02-15T08:48:45+00:00 2023-02-16T14:42:34+00:00 Offset the carbon footprint generated by businesses during Black Friday and Cyber Monday. 2023-02-16T15:54:32+00:00 EU Green Deal, the long-term proposal to mitigate the effects of climate change and boost the energy transition. 2022-08-25T09:31:31+00:00 The European Commission has published the REPowerEU to boost the transition to renewable energy. 2023-02-16T15:30:03+00:00 Dutch electricity network operating at full capacity. Real-life challenges of the energy transition."
https://ampowr.com/advanced-solar-energy-optimization-leveraging-cosmos-software-for-streamlined-management-of-solar-parks-and-energy-storage-systems/,10/23/2023 16:25,"ADVANCED SOLAR ENERGY OPTIMIZATION: LEVERAGING COSMOS SOFTWARE FOR STREAMLINED MANAGEMENT OF SOLAR PARKS AND ENERGY STORAGE SYSTEMS RELATED ARTICLES Energy storage is becoming increasingly important in the transition to a fully sustainable and clean energy supply. While sustainable energy production offers many advantages, it is unpredictable, and generation peak times can strain the grid if its capacity is too limited. The combination of sustainable energy production and a battery is a solution. Solar Farm and Energy Production For large solar farms, more industrial-scale panels might be used, which are often larger and can produce more power, commonly around 400-500 watts per panel. For a large 100 MW solar farm, for example, you could expect to need 200,000 to 250,000 solar panels (if using 400-500 watt panels). A 100 MW solar farm could produce around 3500 kWh annually, which could power about 60,600 households. These large amounts of energy cannot always directly be returned to the grid or used for other purposes. This is where a Battery Energy Storage System is critical to take full control of the generated energy. A Battery Energy Storage System acts as an intelligent intermediary, serving as a gateway to effectively manage and optimize the surplus energy. By storing this excess energy in high-capacity batteries, the BESS ensures that it is readily available when needed, avoiding wastage and minimizing any loss in the process. The Benefits of Energy Storage System Integrating a Battery Energy Storage System (BESS) with solar installations offers three key advantages: managing grid connection capacity, optimizing exports to the grid during financially optimal moments, and enhancing system reliability. A BESS ensures that solar energy generated stays within grid limits, avoiding waste and maximizing efficiency. It also enables the strategic export of stored energy when electricity prices are high, boosting financial returns while providing a reliable power supply during grid outages or periods of low solar generation. By incorporating a Battery Energy Storage System (BESS) and Cosmos EMS into a solar park, significant benefits can be realized. The BESS provides backup power during periods of low solar generation or grid outages, ensuring uninterrupted operations and reducing dependence on the grid. With Cosmos EMS, the park gains advanced monitoring and control capabilities, allowing for real-time optimization of energy generation, consumption, and storage. This enables intelligent decision-making, load balancing, and peak-shaving strategies to maximize energy efficiency and reduce costs. The integration of these technologies empowers the solar production park to achieve greater energy independence, and cost savings, and contribute to a greener and more sustainable energy landscape. Furthermore, Dutch Minister of Climate and Energy, Rob Jetten, has introduced a Climate Package, which implements a new requirement for installing battery energy storage systems at solar parks. This strategy is designed to address the ongoing issue of power grid overload. Benefits of Cosmos Software Ampowr Cosmos software has several significant benefits when used in conjunction with a solar farm and energy storage system: Ampowr Cosmos excels in Grid Integration and Balancing, effectively addressing grid congestion issues through precise frequency regulation. We provide Grid Resiliency and Backup Power, ensuring that your energy source remains dependable during grid disruptions or power outages. Ampowr Cosmos can activate backup power to ensure uninterrupted energy provision. 3. Accelerating the Move to Net-Zero Aiming for a net-zero carbon footprint? Ampowr Cosmos enables better management of energy consumption and production by leveraging Energy Forecasting and Optimization. Our system can connect other renewable assets to increase your energy efficiency further, assisting you in reducing your carbon footprint and progressing towards a net-zero goal. Ampowr Cosmos is not just about cost savings – it’s a tool for revenue generation. Through Energy Trading, Ampowr Cosmos transforms your renewable energy assets into new income streams. Our advanced asset management capabilities maximize your investment return, while real-time alerts ensure you remain updated on trading opportunities. Complete oversight of your energy operations from anywhere, at any time. Our Remote Monitoring and Control features provide real-time global oversight, while our visualization and reporting capabilities generate detailed insights into your energy usage and costs. Ampowr Cosmos also provides an audit trail, simplifying billing and identifying further optimization opportunities. Confidence in your energy supply is paramount. Ampowr Cosmos guarantees this by maintaining grid resiliency and providing backup power during potential disruptions. Our battery management insight ensures optimal performance of your storage solutions, thus ensuring continuous power supply, and helping you achieve superior energy security and continuity. In conclusion, a business case integrating a solar farm with an energy storage system managed by Ampowr’s Cosmos software signifies an innovative and profitable approach to renewable energy. By intelligently managing energy consumption, Ampowr can create new income streams while reducing overall energy costs. This approach contributes significantly to the broader energy transition by promoting renewable energy use, enhancing grid stability, and facilitating energy trading."
https://ampowr.com/about/,10/23/2023 16:25,2022-06-21T13:56:42+00:00
https://ampowr.com/resources/,10/23/2023 16:25,2022-06-21T10:21:57+00:00
https://ampowr.com/industries/,10/23/2023 16:25,2022-06-21T10:00:22+00:00
https://ampowr.com/battery-energy-storage-systems-range/,10/23/2023 16:25,Battery Ampowr Energy Storage Systems BATTERY AMPOWR ENERGY STORAGE SYSTEMS Mobile Energy Storage Systems Residential Energy Storage Systems Telecom Energy Storage Systems Commercial Energy Storage Systems Industrial Energy Storage Systems Our Smart Battery Energy Storage Systems are leading the energy transition and powering a wide range of industries and applications. Industrial system Up to 100+MWh Industrial system Up to 1oo+MWh Battery Energy Storage Systems Range 2023-06-28T00:12:15+00:00 Resi. Energy Storage Systems Cml. Energy Storage Systems Ind. energy storage systems MOBILE ENERGY STORAGE SYSTEMS RESI. ENERGY STORAGE SYSTEMS TELECOM ENERGY STORAGE SYSTEMS CML. ENERGY STORAGE SYSTEMS IND. ENERGY STORAGE SYSTEMS
https://ampowr.com/batteries/,10/23/2023 16:25,"AMPOWR BATTERY RANGE Our range of batteries is leading the energy transition, powering a wide range of industries and applications. 2023-07-14T06:25:26+00:00 AMPIPACK"
https://ampowr.com/get-a-quote/,10/23/2023 16:25,"Fill the form and start a new adventure towards a net-zero future. Headquaters 2023-02-01T14:22:31+00:00 Utrecht, The Netherlands"
https://ampowr.com/about/careers/,10/23/2023 16:25,AMPOWR VACANCIES Sales support assistant Medior Growth Marketer Allround Media Creator Open application BECOME PART OF AN AMAZING TEAM TO TACKLE WORLD SUSTAINABILITY ISSUES Please check back regularly as we will continue to add new vacancies. 2023-01-13T09:12:34+00:00 2023-04-19T12:32:21+00:00 2022-08-30T22:08:59+00:00 2022-08-30T22:12:06+00:00 2022-08-30T22:13:05+00:00
https://ampowr.com/about/contact/,10/23/2023 16:25,"Headquarters: Rijnzathe 16, 7th Floor, 3454 PV, Utrecht, The Netherlands Boteyken 363, 3454 PD Utrecht, The Netherlands 2023-01-10T09:33:56+00:00"
https://ampowr.com/about/social-responsability/,10/23/2023 16:25,"WE ARE FULLY COMMITTED TO A NET-ZERO FUTURE Become part of the energy transition. Our climate footprint commitment is to work on future calculations to establish our product’s individual climate footprint. We’re transitioning to renewable energy across our operations and end products. This will help our customer base make more informed decisions that can directly impact their own climate actions. We have a clear focus on how we want to achieve our sustainability vision and overall goals. Our strategy is developed to align with an ever-changing world, and its important for us to grow with it. We have been working hard to develop our strategy that focuses on flexibility for rapid growth with a very smart risk mitigation plan that helps us quickly address challenges while meeting our goals. We want to inspire the energy industry as a whole to act responsibly and contribute to solving world climate challenges. At Ampowr, we have an ambitious plan to take us to net-zero emissions by 2050. Moreover, we’re calling on governments, businesses, and partners to raise their awareness and navigate together towards a net-zero future. Energy is the dominant contributor to climate change, accounting for around 60 percent of total global greenhouse gas emissions and Ampowr is driving to mitigate this gap. Build resilient infrastructure, promote inclusive and sustainable industrialization, and foster innovation. Ampowr is internally investing in its own resilient infrastructure and taking long-term actions. Make cities and human settlements inclusive, safe, resilient, and sustainable. Our integrated approach means Ampowr aim to reduce the environmental footprint and boost the transition of how society generates and uses electricity. Take urgent action to combat climate change and its impacts. We are committed to taking part in climate action, not only via our business strategy and company values but also through education among our stakeholders. CLOSING THE LOOP Part of our commitment is also to embrace and share Ampowr’s core and awareness across our stakeholders, from internal stakeholders (employees, partners, and production) to external stakeholders (society, governments, and customers). We all are driven by our purpose: together become part of the net-zero future. 2023-01-20T14:08:50+00:00 WE ARE FULLY COMMITTED TO A NET-ZERO FUTURE Become part of the energy transition. Our climate footprint commitment is to work on future calculations to establish our product’s individual climate footprint. We’re transitioning to renewable energy across our operations and end products. We’re transitioning to renewable energy across our operations and end products. We want to inspire the energy industry as a whole to act responsibly and contribute to solving world climate challenges and foster innovation. Ampowr is internally investing in its own resilient infrastructure and taking long-term actions. our stakeholders, from internal stakeholders (employees, partners, and production) to external stakeholders (society, governments, and customers). We all are driven by our purpose: together become part of the net-zero future."
https://ampowr.com/about/company/,10/23/2023 16:25,"Innovation and mass deployment is the heart of our ambition. All our key technologies consist of hardware, software, Battery Management System (BMS), Energy Management System (EMS), and steering and control of assets. We globally provide our customers with reliable and safe energy through affordable financial solutions. Accelerating key global industries towards a net-zero future. Accelerating key global industries towards a net-zero future. All of these have great significance for residential, commercial, and industrial users, paving the way for a future of energy systems compatible with trading and Energy-as-a-Service (EaaS) platform, Ampowr Cosmos™ Delivering outstanding customer experiences, products, and services. Our experts simplify the complexity of the battery storage environment. We are very clear and concise in our processes, working closely together with our clients to navigate the entire customer journey. NAVIGATING TOGETHER TOWARDS A NET-ZERO FUTURE WELCOME! Our ultimate goal at Ampowr is to become the new future utility provider and lead the energy transition toward a sustainable net-zero future. As a leading provider of cutting-edge battery energy storage systems, powered by renewable energy sources we are committed to delivering innovative solutions to our industrial, commercial, and residential customers. SWITCH THE FLICK We are the next-generation energy storage systems, transforming the energy landscape with Smart Battery Energy Storage Solutions. We are here to Switch the Flick™, turning the conventional energy landscape 180˚ to the new future of energy by creating and configuring your systems from batteries, cabinets, and containerized solutions. The future of energy is going to be driven from Behind-the-Meter with Utilities being the back-up. TECHNOLOGY SIGNIFICANCE EXPERTS NON-STOP GROWING PATH TOWARD A NET-ZERO FUTURE 540 % + employees in 1 year 340 % + online community in 3 months INTERNATIONAL PRESENCE Headquarters Netherlands R&D / Logistics Facility Netherlands United Kingdom Asia We are breaking the norm and challenging the status quo of everyday, typical work environments. We encourage people to turn ideas into innovative, actionable processes and results. PEOPLE LED CULTURE Ampowr has adopted a people-led culture, driving modern thinking, proactively turning strategy into behavior. TRUST Everyone at Ampowr has an entrepreneurial mindset and is passionate about solving energy challenges. DIVERSITY At Ampowr we promote an environment in which everyone can feel free to be themselves and thrive at work. 2023-10-11T14:17:06+00:00 The future of energy is going to be driven from Behind-the-Meter with Utilities being the back-up. Innovation and mass deployment is the heart of our ambition. All our key technologies consist of hardware, software, Battery Management System (BMS), Energy Management System (EMS), and steering and control of assets. We globally provide our customers with reliable and safe energy through affordable financial solutions. Accelerating key global industries towards a net-zero future. Accelerating key global industries towards a net-zero future. All of these have great significance for residential, commercial, and industrial users, paving the way for a future of energy systems compatible with trading and Energy-as-a-Service (EaaS) platform, Ampowr Cosmos™ Our experts simplify the complexity of the battery storage environment. We are very clear and concise in our processes, working closely together with our clients to navigate the entire customer journey. NON-STOP GROWING PATH TOWARD A NET-ZERO FUTURE 540 % + employees in 1 year + employees in 1 year 340 % + online community in 3 months + online community online community in 3 months R&D / Logistics Facility Netherlands people & culture We are breaking the norm and challenging the status quo of everyday, t ay, t ypical work environments. We encourage people to turn ideas into innovative, actionable processes and results. PEOPLE LED CULTURE TRUST DIVERSITY"
https://ampowr.com/about/news/,10/23/2023 16:25,"Dutch Climate & Energy Minister Mandates Battery System Installations at Large Solar Parks: A New Era of Energy Storage Ampowr Signs Strategic Alliance with Urban Mobility Systems BV to transform the heavy construction and mining sectors Partnership announced between Ampowr BV and Strukton Power BV to Revolutionize Charging Infrastructure Partnership Announcement 2023: Ampowr celebrates partnering up with Energy Storage NL Director of Ampowr recently signed a deal at the B20/G20 ceremony in Indonesia for 10,000 Telcom sites. Ampowr was present Zero Emission | Ecomobiel, a prestigious Dutch exhibition between the 11th and the 13th of October. Dutch Minister of Climate and Energy, Rob Jetten, has unveiled a Climate Package that [...] We are excited to announce the beginning of a new chapter at Ampowr. We [...] In a significant development, Ampowr BV and Strukton Power BV have signed a strategic [...] We are proud to announce our partnership with Energy Storage NL. This partnership with [...] Director of Ampowr, Eric Van Honk, recently signed a deal at the B20/G20 [...] The need for more flexibility, alternative solutions, cost efficiency and [...] 2022-08-03T09:34:47+00:00 1 Next"
https://ampowr.com/resources/support/,10/23/2023 16:25,"Official Ampowr Support is at your service for all your questions. From advice, tips, and explanations concerning usage, to problems concerning installations, faults, functions, and troubleshooting. Have you already acquired a Ampowr product? Fill out the form below and talk to one of our experts in Offical Ampowr Support. 2022-09-01T09:16:41+00:00 OFFICIAL AMPOWR SUPPORT"
https://ampowr.com/resources/distributors/,10/23/2023 16:25,COMING SOON 2022-08-31T22:16:48+00:00
https://ampowr.com/resources/faq/,10/23/2023 16:25,"Is the system compatible with solar panels or other renewable energy sources? Can the battery system be used during power outages to provide backup power to the entire house? Is the capacity of the battery system adjustable? What is a home battery system, and how does it work? What are the key challenges and limitations of energy storage systems? How can businesses and homeowners integrate energy storage systems into their existing infrastructure? What are the emerging trends and innovations in energy storage systems? How can energy storage systems contribute to grid stability and reliability? What are the environmental benefits of using energy storage systems? What are the key factors to consider when choosing an energy storage system? How can energy storage systems help in reducing electricity costs? How do energy storage systems work and what are their benefits? What is the importance of energy storage systems in the renewable energy sector? Are energy storage systems environmentally friendly? Can I sell excess energy stored in my energy storage system back to the grid? How long can an energy storage system power my home or business? Are energy storage systems compatible with existing solar panel installations? What are the benefits of using energy storage systems for solar? What is an energy storage system for solar? What is a Crystal Battery™? In what applications can I use Crystal Batteries™? What is the lifespan of Crystal batteries™? What is the storage capacity of a Crystal Battery™? At what temperatures can Crystal Batteries™ be used? Are Crystal Batteries™ safe? Do Crystal Batteries™ have a lower internal resistance than lead acid batteries? Do Crystal Batteries™ charge faster than lead acid, lead gel or AGM batteries? Do Crystal Batteries™ sulphate? Can a Crystal Battery™ be discharged a 100% Depth of Discharge? Can Crystal Batteries™ be used partially (partial state of charge)? What size Crystal Battery™ do I need for my application? How long have Crystal Batteries™ already been in circulation? What is a Crystal Supercharger™? What model of the Crystal Supercharger™️ should I use? What is the benefit of using a Crystal Supercharger™️? How long does it take to charge a battery using the Crystal Supercharger™️? At what temperatures can the Crystal Supercharger™️ be used? What is the lifespan of a Crystal Supercharger™️? In what applications can the Crystal Supercharger™️ be used? Can I monitor the Crystal Supercharger™️ performance? What is the power output of the Crystal Supercharger™️? What battery voltages can the Crystal Supercharger™️ charge? What size is the Crystal Supercharger™️? What is the weight of the Crystal Supercharger™? Use our database below to find the answer for any product related questions. Yes, home battery systems are often used in conjunction with solar panels but can also be charged from the grid or other renewable sources like wind. Yes, most home battery systems are designed to provide backup power to essential appliances or the entire house during outages. Yes, some systems allow capacity adjustment, and additional batteries can often be added to increase storage if needed. A home battery system is a device that stores electricity, typically generated from solar panels or the grid, for later use. It works by storing the excess energy produced during times of low demand or high generation. When energy demand is high or when there is limited solar generation, the stored energy is discharged to power your home. Key challenges and limitations of energy storage systems include the high upfront costs of certain technologies, limited energy storage capacity for certain applications, the need for proper maintenance and monitoring, potential environmental impacts associated with the manufacturing and disposal of batteries, and regulatory and policy barriers that may hinder the widespread adoption of energy storage systems. Businesses and homeowners can integrate energy storage systems into their existing infrastructure by retrofitting them to their solar or renewable energy installations. They can work with energy storage system providers to assess their energy needs, determine the appropriate storage capacity, and ensure compatibility with the existing renewable energy setup. Emerging trends and innovations in energy storage systems include advancements in battery technologies, such as improved energy density and longer lifespans, the development of new storage technologies like hydrogen storage and flow batteries, and the integration of energy storage with advanced control systems and artificial intelligence for optimized operation and management. Energy storage systems contribute to grid stability and reliability by providing grid support services such as frequency regulation, voltage control, and load balancing. They can respond quickly to fluctuations in electricity supply and demand, helping to maintain a stable grid and improving the overall reliability of the electricity system. Environmental benefits of using energy storage systems include increased integration of renewable energy sources, leading to reduced reliance on fossil fuels and decreased greenhouse gas emissions. By storing excess renewable energy and releasing it when needed, energy storage systems help smooth out the variability of renewables and contribute to a more stable and sustainable energy infrastructure. Key factors to consider when choosing an energy storage system include capacity and power rating to meet energy demands, system efficiency to maximize energy utilization, battery technology with suitable characteristics for the application, compatibility, and scalability with existing infrastructure, and cost considerations along with potential returns on investment. Energy storage systems can help reduce electricity costs in various ways. They enable time-of-use optimization by storing excess energy during low-demand periods and using it during high-demand periods, thus avoiding purchasing expensive electricity during peak rates. They also help manage demand charges by discharging stored energy during peak periods, reducing the maximum power drawn from the grid. Additionally, energy storage systems can provide grid services such as frequency regulation and peak shaving, generating revenue or reducing costs for system owners. Energy storage systems work by capturing and storing electricity for later use. They typically employ batteries to store the excess energy generated by renewable sources such as solar or wind. When demand is high or renewable sources are not producing enough power, the stored energy is discharged to meet the demand. The benefits of energy storage systems include increased utilization of renewable energy, energy independence during outages, reduced reliance on the grid, cost savings, improved integration of renewables, and reduced greenhouse gas emissions. The importance of energy storage systems in the renewable energy sector lies in their ability to address the intermittent nature of renewable sources. They enable the reliable and efficient use of renewable energy by storing excess energy and releasing it when needed, thereby ensuring a consistent and stable power supply. Yes, energy storage systems contribute to more sustainable and environmentally friendly energy infrastructure. They promote the efficient use of renewable energy, reduce reliance on fossil fuels, and help mitigate greenhouse gas emissions. Depending on your location and the policies of your local utility company, it may be possible to sell excess energy back to the grid. This is known as “net metering” or “feed-in tariffs” in some regions. The duration for which an energy storage system can power a home or business depends on various factors, such as the capacity of the batteries and the energy consumption of the property. Larger battery capacities can provide power for longer durations. Yes, energy storage systems can be retrofitted to existing solar panel installations. They can be integrated with new and existing solar setups, allowing users to maximize their solar energy utilization. Energy storage systems offer several benefits, including: An energy storage system for solar refers to a technology that captures and stores excess energy produced by solar panels. It enables homeowners or businesses to use the stored energy during periods of low solar generation or when the grid is down. Crystal Batteries™ consists of a number of unique special features including: a micro porous super absorbent matt (SAM), thick plates cast from high purity lead calcium selenium alloy (which ensures an extended life), and a SiO2 based electrolyte solution. During the charge / discharge cycles the electrolyte solidifies and forms a white crystalline powder. This eventually results in a safer, high performing and environmentally friendlier battery. Crystal Batteries™ can be used as a substitute for most battery technologies in the lead category, such as lead acid, lead gel and AGM. Crystal Batteries™ are being used in a wide range of applications including, but not limited to telecoms, ups, petrochem/marine, defence, renewable energy, health care, manufacturing, transportation and electric motion (wheelchairs, golf carts & trolleys), caravan & RV, Recreational 4WD, LED Lighting, robotics and more. Crystal Batteries™ have a design life of 18 years. For Cycle life check our data sheets and catalog for specific information. Crystal Batteries™ have an extremely low self-discharge and can be stored for more than two years without any top-up charging prior to use. Crystal Batteries™ can operate in a wide temperature range from -40°C (-40˚F) to +65°C (149˚F). Crystal Batteries™ can even be charged below zero degrees ˚C. Crystal Batteries™ hold less acid, no cadmium, no antimony. Crystal Batteries™ are up to 99% recyclable and are classified as non-hazardous goods for transport. Crystal Batteries™ are also extremely low gassing and produce no dangerous gases. They can also be used indoors or in confined spaces. Yes, Crystal Batteries™ have a lower internal resistance than lead acid batteries due to the difference in active material of the positive electrode. Yes, Crystal Batteries™ can be charged up to 3C (In Boost for short periods) without any impact on their cycle life. This means they can be charged 2-3 faster than other batteries. Standard charging requires 0.3C for GS, LS, FT range and 0.2C for EV Range. Due to the construction and chemical reaction inside a Crystal Batteries™, sulfation hardly ever occurs. Crystal Batteries™ contain less sulphuric acid. They do not contain toxins such as cadmium or antimony either. Yes, Crystal Batteries™ can be discharged in full frequently, even to 0 Volt. This makes Crystal Batteries™ extremely resilient for deep discharging. Deep discharging will reduce the cycle life. Yes, Crystal Batteries™ can be partially charged i.e. you don’t have to charge them fully to be able to use them. If you operate the battery from a partial state of charge constantly it does pay to do a maintenance charge (deep discharge followed by a full charge) occasionally to get the best out of the battery. Determine how many battery amps your application needs and how long it is needed for. Multiply both values to calculate the necessary ampere-hours (Ah). Add a 20% safety margin and select a battery from our product range overview. Parallel batteries deliver greater electric currents and series-connected batteries deliver higher voltage. In both cases, the storage capacity (Wh = watt hours) increased by the amount of force each additional battery has. It is a custom-design charger that can charge, purify, maintain, and extend the Crystal Battery™ to reach its full lifetime. There are just 2 models of Crystal Superchargers. AMP-SC-35A: a low-cost model for low-power applications. AMP-SC-60A: a standard model for general applications. The Crystal Supercharger™ is unique in that it can charge any Crystal battery bank whether it is 24V, 36V, or 48V, without changing the model. We offer a well-tested and packaged solution which helps reduce cost and prevent issues with low-quality or incompatible chargers. The Supercharger can charge Crystal Batteries™ in the shortest time possible using up to 60A recharge current. The Supercharger can be used in the same extreme temperature ranges as the Crystal Battery™ (-40°C (-40˚F) to +65°C (149˚F), without derating or compromise. The lifespan of the Crystal Supercharger™ is more than double that of conventional chargers. This means that the Crystal Battery™ and Crystal Supercharger™ offers the longest lifetime combination. The charger software can also be updated by users over its lifetime, ensuring more features and compatibility with more battery types. The Crystal Supercharger™ can be used in nearly every conventional application where Crystal Batteries™ are used. The efficiency, small size, and power of the Crystal Supercharger™ is a game-changer for many users. Yes, through USB monitoring or via an IoT dashboard interface. The Crystal Supercharger™ is capable of up to 3000W output, or 60A of output current at 48V. The Crystal Supercharger™ is compatible with 24V, 36V, 48V and more variations. Every Crystal Supercharger™ can be configured by the user to charge different battery voltages as required. L x W x H – 320mm (12.6”), 122mm (4.8”), 60mm (2.4”) AMP-SC-35A – 2.7 kg (6 lbs) | AMP-SC-60A – 3 kg (6.6 lbs) 2023-06-20T12:22:43+00:00 2023-10-13T08:23:16+00:00 2023-10-13T08:24:37+00:00 2023-10-13T08:24:44+00:00 2023-10-13T08:09:08+00:00 2023-07-03T08:25:36+00:00 2023-07-03T08:28:01+00:00 2023-06-20T12:47:17+00:00 2023-06-20T12:46:46+00:00 2023-06-20T12:46:13+00:00 2023-06-20T12:45:33+00:00 2023-06-20T12:44:04+00:00 2023-06-20T12:42:53+00:00 2023-06-20T12:41:48+00:00 2023-06-20T12:41:21+00:00 2023-06-20T12:39:59+00:00 2023-06-20T12:34:51+00:00 2023-06-20T12:21:59+00:00 2022-08-30T21:27:27+00:00 2022-08-30T21:27:06+00:00 2022-08-30T21:26:48+00:00 2022-08-30T21:26:10+00:00 2022-08-30T21:25:50+00:00 2022-08-30T21:25:31+00:00 2022-08-30T21:24:52+00:00 2022-08-30T21:24:09+00:00 2022-08-30T21:23:33+00:00 2022-08-30T21:23:04+00:00 2022-08-30T21:22:57+00:00 2022-08-30T21:22:42+00:00 2022-08-30T21:17:29+00:00"
https://ampowr.com/resources/download/,10/23/2023 16:25,"AmpiFARM Large container system up to 100+MWh Maria Villuendas 2023-10-11T13:49:58+00:00 download now Mobile Power systems up to 3,500 cycles DOWNLOAD NOW Residential system up to 20kWh Teleco system up to 96kWh Large container system up to 100+MWh"
https://ampowr.com/industries/oil-and-gas/,10/23/2023 16:25,"oil & gas LARGE-SCALE ENERGY STORAGE FOR OIL AND GAS INDUSTRY FACE EXTREME CONDITIONS OIL & GAS APPLICATIONS ENERGY STORAGE FOR OIL & GAS Battery energy storage systems for extreme conditions. Battery energy storage for extreme conditions The oil & gas industry is one of the most risk-averse industries. Any Battery Energy Storage System (BESS) must demonstrate that it is a safe alternative to the current systems in place. At Ampowr, we understand the main priorities and demands of batteries for the oil and gas industry. Extreme conditions such as temperatures, humidity, and remote areas are some of the challenges that the oil and gas industry face. Having a power solution that guarantees continuity and backup power is critical to success in the oil and gas industry. Oil pipeline Gas pipeline Offshore platform FPSO 2022-10-18T09:13:12+00:00 OIL AND GAS INDUSTRY"
https://ampowr.com/industries/aerospace-and-defense/,10/23/2023 16:25,"MISSION-CRITICAL, WE WILL ENSURE CONTINUOUS ENERGY SUPPLY THE AEROSPACE AND DEFENSE INDUSTRY AEROSPACE & DEFENSE INDUSTRY AEROSPACE & DEFENSE APPLICATIONS CUSTOMIZE YOUR ENERGY STORAGE SIZE, AND WEIGHT ENERGY STORAGE FOR AEROSPACE & DEFENSE Continuous power for critical mission operations. Our energy storage solutions for defense and aerospace missions must provide reliability during critical mission operations performance to be able to cover any situation under extreme conditions. Moreover, off-grid solutions will limit the vulnerabilities of natural disasters or cases of security threats. Military equipment Cybersecurity Aviation For batteries in the aerospace industry, size and weight are crucial considerations. Crystal batteries are not only the safest batteries but also can be transported by plane. The aerospace industry wants to store the maximum energy in the smallest package. 2023-01-03T13:25:30+00:00 CONTINUOUS ENERGY SUPPLY For batteries in the aerospace industry, size and weight are crucial considerations. Crystal batteries are not only the safest batteries but also can be transported by plane."
https://ampowr.com/industries/motive-power/,10/23/2023 16:25,"WE SUPPORT YOUR OPERATIONS WITH DEEP-CYCLE BATTERIES High safety and powerful performance to ensure optimal operations HIGH AND TESTED SAFETY LEVELS TO ENSURE AN OPTIMAL WORK ENVIRONMENT MOTIVE POWER APPLICATIONS 99 % recycle deep-cycle batteries 99 % RECYCLE DEEP-CYCLE BATTERIES APPLICABLE BATTERIES FOR MOTIVE POWER High-security standards for optimal operations. We transform the material handling battery possibilities At Ampowr, we understand the main priorities and demands of batteries for the material handling industry. We work to ensure safety and high-standard performance. Our wide range of batteries ensures that we can always supply the correct battery for your specific application. The increase of warehouses due to high rhythms of the worldwide supply chain forces also to be able to operate Forklift Golf Carts Crystal batteries are considered the safest and best-performing lead-based batteries, with up to 99% recyclability and reaching deep cycles. Crystal batteries are considered the safest lead-based battery. Classified as non-hazardous batteries they are safe for transport via air, sea, and land. We provide batteries worldwide, serving numerous customer types and applications with our easy-to-operate technology. It is also available our range of Nano Crystal batteries PB or TB. AmpiPACK, custom made battery packs Nano Crystal Batteries NCPB up to 10,000 cycles 2022-10-18T09:07:17+00:00 DEEP-CYCLE BATTERIES made battery packs"
https://ampowr.com/industries/telcoms-and-data-centers/,10/23/2023 16:25,"telecoms & data centers GUARANTEED UNINTERRUPTED POWER SUPPLY ENERGY STORAGE SYSTEMS Energy continuity with battery energy storage ENERGY CONTINUITY WITH ENERGY BATTERY STORAGE. TELECOMS & DATA CENTERS APPLICATIONS security and long life SECURITY AND LONG LIFE ENERGY STORAGE FOR TELECOMS & DATA CENTERS Continuous power thanks to smart energy storage systems. Continuous power with smart Ampowr energy storage. Energy storage solutions for remote areas hard to access, urban locations, including indoor, outdoor, and extreme weather conditions. Data centers and the telecoms industry aim for an autonomous life and reliable power. The non-stop search for better and more efficient ways to store power. Our high-efficiency smart battery solutions can reduce the usage of sources that generates a higher impact on the environment and CO2 emissions. GSM Sites Security systems Ampowr provides the most reliable and secure energy backup solutions for telecom and data centers ensuring at the same time the lowest environmental impact cutting operational expenses and reducing carbon footprint. Our energy storage systems have a short payback period compared with other sources in the market. 2023-01-13T08:13:31+00:00 ENERGY STORAGE SYSTEMS Energy storage solutions for remote areas hard to access, urban locations, including indoor, outdoor, and extreme weather conditions. Data centers and the telecoms industry aim for an autonomous life and reliable power. The non-stop search for better and more efficient ways to store power. Our high-efficiency smart battery solutions can reduce the usage of sources that generates a higher impact on the environment and CO2 emissions. Ampowr provides the most reliable and secure energy backup solutions for telecom and data centers ensuring at the same time the lowest environmental impact cutting operational expenses and reducing carbon footprint."
https://ampowr.com/industries/residential-and-leisure/,10/23/2023 16:25,"Residential & Leisure ENERGY CONTINUITY FOR RESIDENTIAL OR LEISURE power continuity anytime POWER CONTINUITY ANYTIME RESIDENTIAL & LEISURE APPLICATIONS ENERGY STORAGE FOR RESIDENTIAL & COMMERCIAL Energy autonomy with energy storage systems Storing your own energy at home is already possible, to get the maximum potential of your solar panels and ensure power continuity. Ampowr’s residential or commercial energy storage system is designed to enable customers to become more energy independent and decrease the reliance on electricity supplied via the grid. Having a home battery will allow you to store the energy from the solar panels, and your house will always be powered in case of blackouts. Residential Caravans and RVs AmpiHOME Residential system up to 20kWh 2022-10-18T13:40:37+00:00 RESIDENTIAL OR LEISURE"
https://ampowr.com/industries/commercial-and-industrial/,10/23/2023 16:25,"Commercial & Industrial ENERGY CONTINUITY WITH AMPOWR’S ENERGY STORAGE SOLUTIONS Battery energy storage solutions BATTERY ENERGY STORAGE SOLUTIONS COMMERCIAL & INDUSTRIAL APPLICATIONS ENERGY STORAGE FOR COMMERCIAL & INDUSTRIAL Mission-critical operations are covered with Ampowr’s energy storage systems. Energy continuity & security, are guaranteed. Ampowr’s battery energy storage solutions bring a considerable decrease in electricity costs and provide clean and uninterrupted energy to any building or infrastructure. Our systems power mission-critical operations and provide energy in the case of a blackout. The range of our systems generates less noise pollution compared to other sources of energy. Distribution Large facilities Factories Roads Railways Social events Hospitals Minimize your carbon footprint and improve the welfare of society by turning buildings and infrastructures into greener and cleaner places. The fast-growing market is now facing challenges in its transition towards clean energy, which energy storage systems can solve. We control every step of its design and manufacturing process and our experts are involved in the projects of Smart Energy Storage Systems. We install our systems worldwide, serving numerous customer types and applications with our easy-to-operate technology. 2023-05-12T15:16:18+00:00 ENERGY CONTINUITY The range of our systems generates less noise pollution compared to other sources of energy. The fast-growing market is now facing challenges in its transition towards clean energy, which energy storage systems can solve."
https://ampowr.com/industries/agriculture-and-horticulture/,10/23/2023 16:25,"Agriculture & Horticulture ENERGY STORGE TO GUARANTEE ENERGY CONTINUITY Energy continuity in the agriculture industry ENERGY CONTINUITY IN THE AGRICULTURE INDUSTRY. AGRICULTURE APPLICATIONS avoid blackouts AVOID BLACKOUTS ENERGY STORAGE FOR AGRICULTURE The agriculture industry aims for energy autonomy. The agricultural industry is facing challenges when it comes to energy, from the saturated grid to high energy prices. As the price of power continues to increase, energy storage solutions are becoming more accessible and farmers are keen to take advantage. Ampowr’s energy systems ensure backup power and the continuity of critical loads. Moreover, it will help your business to mitigate blackouts and power interruptions that become very costly and delay your operations. Animal farms Farming Greenhouses Mining Avoid blackouts due to severe weather conditions. It is vital to guarantee continuous power to make sure your operations are uninterrupted and proficient. We install our systems worldwide, serving numerous customer types and applications with our easy-to-operate technology. Ready to be part of a net-zero future? Minimize your carbon footprint and improve business resilience. 2022-10-18T09:02:46+00:00 help your business to mitigate blackouts and power interruptions that become very costly and delay your operations. houses Ready to be part of a net-zero future? Minimize your carbon footprint and improve business resilience."
https://ampowr.com/industries/utility-and-escos/,10/23/2023 16:25,"UTILITY AND ESCO’S WE DRIVE COMPANIES TOWARDS A SUSTAINABLE BUSINESS MODEL Energy storage systems for utility and EsCO’s ENERGY STORAGE SYSTEMS FOR UTILITY AND ESCO’S UTILITY AND ESCO’S APPLICATIONS Navigate towards a net-zero future NAVIGATE TOWARDS A NET-ZERO FUTURE ENERGY STORAGE FOR UTILITY & ESCO’S Become part of the net-zero future BECOME PART OF THE NET-ZERO FUTURE Battery energy storage systems solutions as power backup for your industry. Ampowr’s battery energy storage systems transform the traditional way of energy usage. Our range of energy systems solutions bring the utility and ESCO’S industry clean energy while reducing high energy expenses. BESS (battery energy storage system) is a solution to increase flexibility, reliability, and a backup source in case adverse conditions interrupt the main source of power. Ensuring its functioning under extreme weather conditions. Solar farms & micro-grid Transmission & distribution Wind turbines Off-grid We install our systems worldwide, serving numerous customer types and applications with our easy-to-operate technology. The utilities and ESCO’S industry is ready to be part of a net-zero future. Minimize your carbon footprint and improve business resilience. AmpiDEN Teleco system up to 96kWh AmpiTOWER Commercial system up to 144kWh AmpiFARM Industrial system up to 100+MWh Nano Crystal Batteries NCPB 3,500 to 10,000 cycles Nano Crystal Batteries NCTB 10,000 to 30,000 cycles Crystal Batteries up to 3,500 cycles 2022-10-18T09:00:42+00:00 SUSTAINABLE BUSINESS MODEL battery BESS (battery energy storage system) is a solution to increase flexibility, reliability, and a backup source in case adverse conditions interrupt the main source of power. Ensuring its functioning under extreme weather conditions. backup source Minimize your carbon footprint and improve business resilience. NAVIGATE TOWARDS A NET-ZERO FUTURE up to 5kWh VIEW PRODUCT Commercial system up to 144kWh NCPB NCTB"
https://ampowr.com/cosmos-ems/,10/23/2023 16:25,"Ampowr Energy Optimization Platform AMPOWR ENERGY OPTIMIZATION PLATFORM Ampowr Cosmos™ AMPOWR COSMOS™ TRANSFORM YOUR ASSETS INTO INTELLIGENT POWERHOUSES Unmatched data security UNMATCHED DATA SECURITY Unlocking Profitability, Efficiency, and Sustainability while Ensuring Energy Security Efficient Energy Management and Cost Reduction Solving Grid Congestion and Enhancing Resiliency Accelerating the Global Transition to Net-Zero Unlocking Revenue Streams and trading possibilities Comprehensive Monitoring, Control, and Reporting Ensuring Energy Security and Continuity UNLOCKING PROFITABILITY, EFFICIENCY, AND SUSTAINABILITY WHILE ENSURING ENERGY SECURITY EFFICIENT ENERGY MANAGEMENT AND COST REDUCTION SOLVING GRID CONGESTION AND ENHANCING RESILIENCY ACCELERATING THE GLOBAL MOVE TO NET-ZERO UNLOCKING REVENUE STREAMS AND TRADING POSSIBILITIES COMPREHENSIVE MONITORING, CONTROL, AND REPORTING ENSURING ENERGY SECURITY AND CONTINUITY Risk mitigation and safety Digital Twin DIGITAL TWIN AMPOWR COSMOS BUSINESS CASES A FULL STACK SOLUTION RENEWABLE ENERGY AMPOWR BATTERY LOAD / FACILITY GRID CONNECTION Optimizing Energy Self-Consumption with Ampowr BESS and Cosmos EMS Energy Optimization Platform Autonomous Steering Control with Ampowr Cosmos EMS Energy Management System (EMS) Avoid High Costs, solve Grid Congestion, and meet Sustainability Challenges. This intelligent energy optimization platform, is designed specifically to autonomously steer and manage your energy assets for peak performance, unlocking Profitability, Efficiency, Sustainability and Energy Security. Experience the future of intelligent energy optimization with Ampowr Cosmos. Analyzing real-time data from renewable energy generation, energy demand, grid conditions, and energy pricing. Cosmos dynamically optimizes performance and costs. Solar, Wind, Biomass, Hydro AmpiDEN, AmpiTOWER, AmpiFARM, AmpiLINK Cooling, HVAC, EV Charging, Heat Pump, Material Handling Equipment Power Grid or Generator Ampowr Cosmos, the in-house developed EMS platform, prioritizes data privacy and encrypted connections for optimal security in energy management. Hosted in the EU, Cosmos ensures the protection of your data. Experience global accessibility and take control of your energy management with Cosmos. Optimized fully through the use of Ampowr Cosmos Platform. Ampowr Cosmos uses sophisticated algorithms for Energy Dispatch and Discharging, enabling peak load-shifting to minimize costs by optimizing energy usage. These Autonomous Steering and Controls adapt to your energy needs, incorporating schedule-based control strategies to ensure efficient and economic energy usage. Ampowr Cosmos is also capable of avoiding curtailment, further enhancing cost efficiency. Ampowr Cosmos excels in Grid Integration and Balancing, effectively addressing grid congestion issues through precise import / export regulations. It provides Grid Resiliency and Backup Power with the help of additional hardware when required, ensuring that your energy source remains dependable during grid disruptions or power outages. Ampowr Cosmos can activate backup power to ensure uninterrupted energy provision. Aiming for a net-zero carbon footprint? Ampowr Cosmos enables better management of energy consumption and production by leveraging Energy Forecasting and Optimization. Cosmos can connect other renewable assets to further increase your energy efficiency, assisting you in reducing your carbon footprint and progressing towards a net zero future. Ampowr Cosmos is not just about cost savings – it’s a tool for revenue generation. With the optionality to participate in the energy trading market through its evolving development roadmap, ensuring that you can capitalize on emerging opportunities as they arise. Ampowr Cosmos can transform your renewable energy assets into new income streams. Ampowr’s advanced asset management capabilities can help maximize your investment return. Predictive maintenance leverages intelligence to relieve the burden of maintenance. Complete oversight of your energy operations from anywhere in the world, at any time. Cosmos’s Remote Monitoring and Control features provide globally scalable real-time oversight. The visualization and reporting capabilities generate detailed insights into your energy usage and costs. Ampowr Cosmos also provides an audit trail, simplifying billing and identifying further optimization opportunities. Confidence in your energy supply is paramount. Ampowr Cosmos works to maintain grid resiliency and provide backup power during potential disruptions with additional hardware. With comprehensive battery management insight, Ampowr Cosmos ensures the optimal performance of your energy storage solutions, delivering continuous power supply and enabling you to achieve unrivaled energy security and seamless continuity. Safeguard your operations and ensure a secure environment. Ampowr Cosmos protects your energy infrastructure and provides you with peace of mind in a rapidly evolving energy landscape. Harness the potential of Ampowr Cosmos as your digital twin for virtual tests, simulations, and what-if analyses. Ampowr can assess the impact of different conditions and changes on asset performance, safety, and compliance, mitigating risks, enhancing safety measures, and preventing costly incidents. GO BEYOND THE CLOUD WITH AMPOWR COSMOS Step into a greener, smarter, and more prosperous energy future with Ampowr Cosmos. Revolutionizing energy management, Cosmos propels innovation and sustainability, transforming how businesses navigate complexities. Unlock unparalleled possibilities and redefine energy optimization. Welcome to the forefront of excellence. Cosmos: Power-Packed Functionality EV Integration COSMOS: POWER-PACKED FUNCTIONALITY Various examples of business cases through which Cosmos creates value. Harness the power of Ampowr's Battery Energy Storage System (BESS) and Cosmos EMS Energy [...] Eliminating vendor complexity Ampowr simplifies energy management with integrated BESS and EMS (Ampowr Cosmos). We offer an all-in-one solution that removes the need to contract with multiple vendors. Ampowr offers seamless hardware-software integration all under 1 contract. We provide a complete range of technical products and services, including operation and maintenance. Cosmos 2023-10-17T14:05:24+00:00 Autonomous Steering Control with Ampowr Cosmos EMS with Request Demo REQUEST DEMO Get in touch STORAGE SOLUTIONS"
https://ampowr.com/battery-energy-storage-systems-range/ampifarm/,10/23/2023 16:25,"Industrial Battery Energy Storage Systems AMPIFARM™ Energy continuity and independence │ bess ENERGY CONTINUITY AND INDEPENDENCE UPGRADE YOUR BUSINESS TO NET-ZERO ENERGY STORAGE FOR INDUSTRIAL APPLICATIONS AMPIFARM™ MODELS AMPIFARM™ PORTFOLIO AmpiFARM™ Up to 100+MWh per system Industrial Energy Storage System. Configurations up to 100+MWh Connect to grid, solar, wind and facility The demand for energy and energy prices is increasing, the grid is reaching its maximum capacity, leading to grid congestion, power interruptions, outages, and restrictions for new or expanding businesses. The time to take full control of your energy is now with Battery Energy Storage System AmpiFARM™. The AmpiFARM Series Energy Storage System integrates with the Battery, BMS, PCS to deliver up to 100+MWh. The AmpiFARM™ is housed in a 10, 20, or 40ft containerized housing, that employs a unique air duct design, resourceful temperature controls, and an FM200 fire suppression. Peak-shaving Self consumption Frequency regulation Spot market trading Distribution centers Manufacturing plants Agriculture Brownfield sites Sport venues Music events Commercial sites Greenfield sites AmpiFARM™ 10ft (3m) system AmpiFARM™ 20ft (6m) system AmpiFARM in The Netherlands AmpiFARM in Costa Rica AmpiFARM in United Kingdom Capacity Up to 100+MWh Size 10ft, 20ft (3m, 6m) Solar Inverter Optionable Connection type Solar, grid and application Current DC/DC & DC/AC Fire extinguisher Integrated, automatic HVAC Integrated 2023-08-30T06:37:02+00:00 get a quote 360˚ SYSTEM FLYTHROUGH 10ft (3m) system READ BUSINESS CASE"
https://ampowr.com/battery-energy-storage-systems-range/ampitower/,10/23/2023 16:25,"Commercial Energy Storage AmpiTOWER™ Up to 144kWh per system AMPITOWER™ ENERGY CONTINUITY AND SECURITY Upgrade your business to net-zero Energy storage for commercial applications ENERGY STORAGE FOR COMMERCIAL APPLICATIONS AMPITOWER™ MODELS Commercial Energy Storage System. Up to 144kWh per system. The demand for energy and energy prices are increasing, the grid is reaching its maximum capacity, leading to grid congestion, power interruptions, outages, and restrictions for new or expanding businesses. The time to take full control of your energy is now with AmpiTOWER™. Integrates a single or 3-phase inverter with Nano Crystal Batteries in a pre-wired cabinet with bus-bar for an incredibly easy installation. Manage cyclic charges, demand response, frequency regulation, reduce operating costs, and mitigate the risk of blackouts and cyber threats while increasing the value of your property. Commercial buildings Transportation Energy Service Companies Airports Energy service companies AmpiTOWER™ Nano Crystal NCPB Capacity Up to 144kWh Size (W x H x D) 1, 2, or 3-door options 60 x 190 x 60 cm (23.6 x 74.8 x 23.6 in) Battery options Nano Crystal Battery Inverter options Single-phase inverter 3-phase inverter Busbar Pre-assembled Capacity Up to 576kWh Inverter options Single-phase, 3-phase 2023-08-30T14:16:26+00:00"
https://ampowr.com/battery-energy-storage-systems-range/ampiden/,10/23/2023 16:25,"Telecom Energy Storage AmpiDEN™ Up to 96kWh per system AMPIDEN™ Affordable diesel generator displacement AFFORDABLE DIESEL GENERATOR DISPLACEMENT Upgrade your off-grid site to net-zero UPGRADE YOUR OFF-GRID SITE TO NET-ZERO Energy storage any off-grid application ENERGY STORAGE ANY OFF-GRID APPLICATION AMPIDEN™ MODELS Telecom Energy Storage System. Up to 96kWh per system. Fix energy costs and avoid increases Modular configuration and capacity options Energy continuity and security Diesel generator displacement Diesel generators are polluting and the prices of diesel are at an all-time high, leaving industrial and remote locations in need of affordable and secure energy solutions. AmpiDEN™ is the perfect solution for diesel displacement. The system is designed to prioritize solar & battery while being able to utilize a generator for last resort backup. Flatpack transport Telecom sites Small farms Our wide range of models and options makes sure that our energy storage systems are the perfect fit for your needs. AmpiDEN™ Teleco solution Crystal Battery system Cost-effective & safe AmpiDEN™ Nano Crystal NCPB Single-phase or 3-phase options 3,500 to 10,000 cycles per battery Single-phase or 3-phase options 10,000 to 25,000 cycles per battery Capacity Up to 96kWh Size (W x H x D) 160 x 195 x 100 cm (63 x 76.8 x 39.4 in) Connection type Solar, grid, generator Battery options Crystal Battery Nano Crystal Battery System transport Flatpack Inverter SPDU Optionable EMS Integrated, Ampowr Cosmos Capacity Up to 384kWh 2023-06-28T12:12:57+00:00 Flatpack Assembly FLATPACK ASSEMBLY"
https://ampowr.com/battery-energy-storage-systems-range/ampihome/,10/23/2023 16:25,"Residential Energy Storage AmpiHOME™ Up to 20kWh per system AMPIHOME™ Store surplus solar energy STORE SURPLUS SOLAR ENERGY Decrease energy bills with energy storage DECREASE ENERGY BILLS WITH ENERGY STORAGE Energy storage for residential applications ENERGY STORAGE FOR RESIDENTIAL APPLICATIONS AMPIHOME™ CONFIGURATIONS Residential energy storage system. Up to 20kWh per system. Reduce electricity costs / avoid increases Works with existing solar panels Affordable energy storage system Easily expand when needed Energy management & monitoring system The growing popularity of residential solar panels has stimulated the interest in energy storage. AmpiHOME™ greatly benefits homeowners by storing surplus energy which is harvested from the sun but not directly utilized by the home. This additional access gives users full control of how and when to use their solar energy. The AmpiHOME™ energy storage solution combined with any existing PV installation typically covers the basic needs of a household. A system consists of a hybrid inverter of 5kW, with battery packs of 5kWh. Each system can be expanded to up to 4 battery packs, and 4 systems in parallel. Peak shaving Manage energy costs Grid independence Houses 100% compatible energy storage system. Intelligent controls; temperature, efficiencies, lifetime, automated balancing, safety, and power delivery management. Apartments Small enterprises Mobile homes Caravans & RVs Mobile businesses Easily expand your AmpiHOME™ by adding an additional battery pack at any time. 5kW hybrid inverter 5kWh battery Capacity Up to 20kWh Size (W x H x D) 540 x 490 x 240 mm (21.2 x 19.3 x 9.5 in) Connection type Solar & grid Battery packs 5kWh per battery pack connect up to 4 packs Inverter 5Kw hybrid inverter Cycle life 6,500 cycles Warranty 10 years 2022-10-18T09:31:01+00:00"
https://ampowr.com/battery-energy-storage-systems-range/mobile-systems/,10/23/2023 16:25,"Mobile Power Systems AmpiCART™ Systems up to 5kWh AMPICART™ Energize all your off-grid or mobile projects ENERGIZE ALL YOUR OFF-GRID OR MOBILE PROJECTS Portable clean energy Energy for off-grid sites and applications ENERGY FOR OFF-GRID SITES AND APPLICATIONS PORTABLE POWER SYSTEM MODELS Mobile power systems. Configurations up to 5kWh Power any mobile application Mobile, small and easy to move around Silent system operations Diesel generator replacement Manage your mobile energy needs Portable power is essential for off-grid and mobile projects. Diesel generators are polluting and the prices of diesel are at an all-time high, leaving off-grid sites and mobile projects in need of a renewable mobile power system. AmpiCART™ & AmpiBOX™ are the perfect solutions to power your tools or equipment on site. The system is designed to easily be moved around and provides enough power to complete your project and power your tools. It consists of safe Nano Crystal Batteries and can be charged from either the grid or renewable energy sources. Easily expand your usage by adding more systems. Power tools CO2 Reduction Easy transportable Reliable backup power Charge from solar Intelligent controls; temperature, efficiencies, lifetime, automated balancing, safety, and power delivery management. Ampowr’s Portable Power Systems are designed to power your tools and equipment. Studio sets Camping Events Our range of models makes sure that our power systems are the perfect fit for your needs. AmpiBOX™ 2.1kWh system 5kWh system Capacity Up to 5kwh Size BOX (W x H x D) 296 x 440 x 387 mm (11.6 x 17.3 x 15.2 in) Charging Solar, grid, generator Battery type Nano Crystal Battery Size CART (W x H x D) 286 x 691 x 559 mm (11.3 x 27.2 x 22 in) Machine noise 53db Transport restrictions None System cooling Integrated EMS Optional, Ampowr Cosmos Warranty 2 years 2022-09-14T08:38:02+00:00"
https://ampowr.com/batteries/nano-crystal-batteries-ncpb/,10/23/2023 16:25,"Nano Crystal Batteries NCPB™ 3,500 to 10,000 cycle batteries NCPB™ PACKS High power, long lifetime Powerful batteries for rack-mounted applications POWERFUL BATTERIES FOR RACK-MOUNTED APPLICATIONS BUSINESS CASES NANO CRYSTAL BATTERY™ NCPB MODELS Nano Crystal Batteries™ – 3,500 to 10,000 cycles 19″ rack mounted battery From 3,500 to 10,000 cycles 48V, fast charging capability Data monitoring connection Nano Crystal™ NCPB Battery Packs are unique, powerful and a perfect fit for critical applications. The modular and lightweight design allows the battery packs to easily be implemented into any energy storage system. Nano Crystal™ NCPB Battery Packs have a high energy density and 100% of their capacity available while providing a safe, reliable and powerful performance. Nano Crystal™ NCPB Batteries, let your battery selection bring the ultimate power of your system to life for years to come. Ampowr offers simple, unparalleled drop-in high-performance Nano Crystal Battery Packs, built for use in power systems of every kind worldwide. Lightweight Reduce CO2 Industry standard Long lifetime Fast charging Utility sites Intelligent controls; temperature, efficiencies, lifetime, automated balancing, safety features. Upgrade your application with the latest battery technology, designed to meet the most demanding applications and to face all kinds of adverse conditions. Farms Construction sites Off-grid sites Off grid sites Energy Asset Management Mitigate Risk Through Energy Optimization Using Ampowr’s Smart Energy Management System. We identify the business need and expected benefits in order to make an impact on the organization. Below you can read examples of successful projects carried out by our Ampowr’s experts. Energy Storage solution that provides a consistent power supply during critical times, minimizes environmental [...] Eliminating short-term demand spikes and securing an uninterrupted power supply: AmpiFARM boosts energy resilience [...] The use of AmpiTOWER demonstrates the benefits of easily deployable energy storage systems to [...] Our range of models makes sure that our batteries are the perfect fit for your needs. 48V, 50Ah Battery Pack 19″ rack mounted Capacity Up to 200Ah Size 19″ rack mounted BMS Integrated Battery chemistry NCPB, Phosphate based Cycle options 3,500 to 10,000 Voltage 48V Cooling Integrated Warranty 5 years 2022-09-14T08:36:12+00:00 Intelligent controls; temperature, efficiencies, lifetime, automated balancing, safety features. Upgrade your application with the latest battery technology, designed to meet the most demanding applications and to face all kinds of adverse conditions."
https://ampowr.com/batteries/nano-crystal-batteries-nctb/,10/23/2023 16:25,"NCTB™ 10,000 to 25,000 cycle batteries NCTB™ PACKS Ultimate battery performance HIGH POWER, LONG LIFETIME UPGRADE YOUR SITE TO NET-ZERO Long lifetime batteries for rack-mounted applications ENERGY STORAGE FOR ANY APPLICATION Nano Crystal Batteries™ – 10,000 to 30,000 cycles From 10,000 to 30,000 cycles Extreme long lifetime battery Super fast charging up to 10C This new technology is a battery game-changer, with enhanced safety and reliability features. NCTB batteries have a super long lifetime (10,000 to 30,000 cycles) and are ideal for low and high-temperature performance (-50˚C to +60˚C). NCTB batteries are a perfect fit for integration into OPEX-driven energy storage solutions. 100% charged by renewable energy, designed in a flat-pack configuration for transport into remote areas. The AmpiDEN™ can use either a single or 3-phase inverter, with Crystal and Nano Crystal Battery choices. These systems can be expanded when needed and connected to the grid, solar, and a backup generator. Highly reliable 48V battery Extra long lifetime Super fast charging Data centers Telecom towers Backup energy Intelligent controls; temperature, efficiencies, lifetime, automated balancing, safety, and power delivery management. Ampowr’s Energy Storage Systems are designed to meet the most demanding applications and to face all kinds of adverse conditions. Capacity Up to 65Ah Battery chemistry NCTB, Titanate based Cycle options 10,000 to 30,000 2022-09-14T10:58:39+00:00 Frequently asked questions"
https://ampowr.com/batteries/crystal-batteries/,10/23/2023 16:25,"Deep cycle batteries ENERGY OPTIMIZATION PLATFORM CRYSTAL BATTERIES™ Faster, safer, longer, and stronger performance FASTER, SAFER, LONGER, AND STRONGER PERFORMANCE CRYSTAL BATTERY™ RANGES SAFEST BATTERY IN THE MARKET Safest batteries for any applications SAFEST BATTERIES FOR ANY APPLICATIONS Safest battery in the market Technical specifications TECHNICAL SPECIFICATIONS Deep cycle batteries, up to 3,100 cycles Military grade batteries High performance battery 2V, 6V, 8V and 12V options Safest battery tech and high quality Data monitoring options Crystal batteries are considered the safest and best performing lead based battery, with up to 99% recyclability. Crystal Batteries™ are a Military grade battery originally developed by the US Military to overcome the shortcomings of lead acid, lead gel and AGM batteries. Classified as a non-hazardous battery. Electric Vehicle Range 6V, 8V or 12V Rated at 3h discharge Medium to high capacity (27Ah to 265Ah) General Storage Range 6V or 12V Rated at 10h discharge Small to high capacity (7Ah to 200Ah) Front Terminal Range 12V Rated at 10h discharge Front terminal only (55Ah to 180Ah) Large Storage Range 2V Rated at 10h discharge Medium to high capacity (100Ah to 3000Ah) When charging and discharging, the liquid electrolyte transforms into a crystalized state leaving hardly any free liquid electrolyte in the battery. As water loss and electrolyte breakdown is the most common inhibitor to battery life in lead acid, lead gel, AGM batteries, our unique ‘dry cell’ technology extends life and cycling performance. Golf carts Affordable high battery quality energy storage systems that parallel connect to suit various applications. Access platforms Forklift trucks Military bases UPS Oil & gas sites Oil & Gas Full recovery Extreme temperatures 99% recyclable Capacity Up to 3000Ah Size Wide range of sizes Connection type Standard BMS External Battery protection Integrated Battery chemistry Lead Crystal Cycle options Up to 3,100 cycles Voltage 2V, 6V, 8V, 12V Cooling Not applicable EMS Optionable Warranty 3 years Certifications Safety standards 2023-07-19T14:03:06+00:00 batteries catalogue BATTERIES CATALOGUE 6V, 8V or 12V Rated at 3h discharge Medium to high capacity (27Ah to 265Ah) VIEW BATTERIES"
https://ampowr.com/batteries/ampipack/,10/23/2023 16:25,"Custom Battery Packs AmpiPACK™ Custom size and battery capacity options The perfect battery for your application THE PERFECT BATTERY FOR YOUR APPLICATION Nano Crystal Custom Batteries NANO CRYSTAL CUSTOM BATTERIES Custom power for any application CUSTOM POWER FOR ANY APPLICATION UK Ministry of Defence Employs AmpiFARM to Power Sustainable Military Camps Ampowr Installs 2MWh AmpiFARM as Peakshaving and Backup Power Solution for Costa Rican Medical Equipment Manufacturer Ampowr energy storage systems used to charge electric vehicles at Zandvoort Circuit, The Netherlands Custom battery size / shape From 6,000 to 30,000 cycles Application specific performance Wide range of voltage options Energy and fleet management options Whether you want to replace an old system design, old legacy battery size or looking for a custom solution, if the application is right we can help customize the form, fit, and function to suit your application and energy requirements. Nano Crystal Custom batteries, let your battery selection bring the ultimate power of your system to life for years to come. Ampowr offers simple, unparalleled drop-in high-performance Nano-Crystal Battery Packs, tailored to your specific dimensional envelope for use in your specific application. Custom structure Choice of cycles Voltage alignment Intelligent controls; temperature, efficiencies, lifetime, automated balancing, safety, and power delivery management. Ampowr’s Nano Crystal Battery packs are designed to meet the most demanding applications and to face all kinds of adverse conditions. AGV’s Medical equipment Capacity Up to 1,000Ah Size Custom Connection type Custom BMS Optionable Battery options NCPB / NCTB Cycle options 6,000 to 30,000 Voltage Custom System cooling Optionable Warranty Battery specific 2022-09-01T08:54:02+00:00 View business cases VIEW BUSINESS CASES Frequently Asked Questions FREQUENTLY ASKED QUESTIONS LEARN MORE Request datasheet REQUEST DATASHEET"
https://ampowr.com/es/baterias/ampipack/,10/23/2023 16:25,"Baterías customizadas Opciones personalizadas de tamaño y capacidad de la batería AMPIPACK™ La batería perfecta para su aplicación LA BATERÍA PERFECTA PARA SU APLICACIÓN Baterías de nanocristal a medida BATERÍAS DE NANOCRISTAL A MEDIDA BATERÍAS CUSTOMIZADAS CASOS DE NEGOCIO Especificaciones técnicas ESPECIFICACIONES TÉCNICAS forma parte de un futuro con cero emisiones FORMA PARTE DE UN FUTURO CON CERO EMISIONES Los sistemas de almacenamiento de energía de Ampowr ayudan a proporcionar energía al gran festival de música holandés Appelpop Sistemas de almacenamiento de energía residencial para casas móviles en el Reino Unido – AmpiHOME AmpiFARM Sistema de almacenamiento de energía (ESS – Energy Storage System) impulsa el primer centro de distribución sin emisiones en los Países Bajos Tamaño y forma de la batería personalizados De 6.000 a 30.000 ciclos Rendimiento específico de la aplicación Amplia gama de opciones de voltaje Tecnología segura y alta calidad Opciones de gestión de energía y flotas Tanto si desea sustituir el diseño de un sistema antiguo, el tamaño de una batería heredada o busca una solución personalizada, si la aplicación es la adecuada podemos ayudarle a personalizar la forma, el ajuste y la función para que se adapten a su aplicación y a sus requisitos energéticos. Baterías de nanocristal a medida, deje que su selección de baterías dé vida a la máxima potencia de su sistema durante años. Ampowr ofrece paquetes de baterías de nanocristal de alto rendimiento, sencillos e inigualables, adaptados a sus dimensiones específicas para su uso en aplicaciones concretas. Estructura a medida Selección de ciclos Alineación de tensión Larga vida útil Carga rápida Carretillas elevadoras Controles inteligentes de temperatura, eficiencia, vida útil, equilibrado automático, seguridad y gestión del suministro de energía. Los paquetes de batería de nanocristal de Ampowr están diseñados para satisfacer las aplicaciones más exigentes y hacer frente a todo tipo de condiciones adversas. Plataformas de acceso Vehículos logísticos Carros de golf Equipamiento médico Centros de datos Gestión de activos energéticos Mitigar el riesgo a través de la optimización de la energía utilizando el sistema de gestión de energía inteligente de Ampowr. Identificamos la necesidad del negocio y los beneficios esperados para lograr un impacto en la organización. A continuación puede leer ejemplos de proyectos llevados a cabo con éxito por parte de nuestros expertos de Ampowr. Los AmpiTOWERs y CARTs se han utilizado como fuente de energía alternativa en el festival [...] Ampowr has successfully finished and AmpiHOME project in the U.K. The rapid growth of [...] Telesuper Coop se convierte en el primer centro de distribución sin emisiones en los [...] Capacidad Hasta 1000 Ah Tamaño A medida Tipo de conexión A medida Sistema de gestión de baterías (BMS o Battery Management System) Opcional Protección de la batería Integrada Opciones de batería NCPB/NCTB Opciones de ciclo De 6.000 a 30.000 Tensión A medida Refrigeración del sistema Opcional Sistema de gestión de energía (EMS) Opcional Garantía Específica de la batería Certificaciones Cumple con las normas de seguridad Baterías SAE Recursos Nosotros Oficina: Rijnzathe 16, 7th Floor, 3454 PV, Utrecht, Países Bajos I&D / Centro Logístico: Boteyken 363, 3454 PD, Utrecht, Países Bajos Privacidad • Cookies • Aviso Legal • Todos los derechos reservados • ©2023 Ampowr B.V. BaterÍas hasta 3,100 ciclos desde 3,500 hasta 10,000 ciclos desde 10,000 hasta 30,000 ciclos Almacenamiento energÍa Sistemas portables hasta 5kWh Sistema residencial hasta 20kWh Sistema telecom hasta 96kWh Sistema comercial hasta 144kWh Sistema industrial hasta 2,060kWh Industrias New Presupuesto BATERÍAS Baterias Nano Crystal NCPB ALMACENAMIENTO ENERGÍA Sistemas portables INDUSTRIAS Empresas de servicios públicos y de servicios energéticos Comercial e industrial Agricultura y horticultura Telecomunicaciones y centros de datos Residencial y ocio Potencia motriz Petróleo y gas Aeroespacial y defensa RECURSOS Descargas Artículos Distribuidores Asistencia NOSOTROS Empresa Noticias Responsabilidad Social Contacto Empleo 2023-01-17T07:55:32+00:00 presupuesto PRESUPUESTO Ver casos de negocio VER CASOS DE NEGOCIO Preguntas frecuentes PREGUNTAS FRECUENTES ENERGY AS A SERVICE LEER MÁS Solicitar ficha técnica SOLICITAR FICHA TÉCNICA Baterías Crystal Baterías Nano Crystal NCTB CSR Terminos y condiciones"
https://ampowr.com/,10/23/2023 16:25,"Leading the energy transition LEADING THE ENERGY TRANSITION Battery energy storage systems (BESS) BATTERY ENERGY STORAGE SYSTEMS (BESS) THE FUTURE OF SMART ENERGY Energy Storage Cosmos™ (EMS) ENERGY STORAGE COSMOS™ (EMS) The future of smart energy Standardizing the future of energy worldwide STANDARDIZING THE FUTURE OF ENERGY WORLDWIDE THE LATEST ARTICLES WE EMPOWR A SUSTAINABLE FUTURE BECOME PART OF A NET-ZERO FUTURE Title Advanced Solar Energy Optimization: Leveraging Cosmos Software for Streamlined Management of Solar Parks and Energy Storage Systems Energy Optimization and Market Participation through the use of Ampowr Cosmos Energy Peak Shaving Optimization driven by the use of Ampowr Cosmos EMS combined with BESS Our purpose Innovative Nature People at Ampowr We value your privacy We use cookies to make Ampowr's website a better place. Cookies help to provide a more personalized experience. We use cookies to help you navigate efficiently and perform certain functions. You will find detailed information about all cookies under each consent category below. The cookies that are categorized as ""Necessary"" are stored on your browser as they are essential for enabling the basic functionalities of the site. ... Show more Necessary cookies are required to enable the basic features of this site, such as providing secure log-in or adjusting your consent preferences. These cookies do not store any personally identifiable data. Functional cookies help perform certain functionalities like sharing the content of the website on social media platforms, collecting feedback, and other third-party features. Analytical cookies are used to understand how visitors interact with the website. These cookies help provide information on metrics such as the number of visitors, bounce rate, traffic source, etc. Performance cookies are used to understand and analyze the key performance indexes of the website which helps in delivering a better user experience for the visitors. No cookies to display. Advertisement cookies are used to provide visitors with customized advertisements based on the pages you visited previously and to analyze the effectiveness of the ad campaigns. Leading the energy transition Switch The Flick™, Become Part Of The Net-Zero Future We provide cutting-edge battery systems integrated with our proprietary Energy Optimization Platform, Cosmos™. Our holistic solution autonomously optimizes your energy assets for peak performance, leveraging the synergy of advanced hardware and intelligent software. Battery Energy Storage Systems Energy Optimization Platform A unified energy ecosystem with Ampowr’s all-in-one solution. Our Battery Energy Storage Systems and Cosmos software seamlessly integrate with your assets. Our holistic approach simplifies energy management across the board from battery storage and renewable generation to facility operations, grid integration, and even EV charging. We engineer ecosystems that are not only sustainable and efficient but also revenue-generating. Our integrated offer expertly streamlines your energy management. From battery storage and renewable generation to facility operations, grid interactions, and even EV charging, into a unified, efficient, and revenue generating ecosystem. Trusted by businesses globally throughout a wide range of industries and applications. Ampowr is actively supplying products in over 50 countries Ampowr Is Actively Supplying Products In Over 50 Countries. UTILITY & ESCO’S MOTIVE POWER TELECOMS & DATA CENTERS AGRICULTURE & HORTICULTURE OIL & GAS COMMERCIAL & INDUSTRIAL AEROSPACE & DEFENSE RESIDENTIAL & LEISURE Stay up to date with the latest news, projects, sector information and vacancies. Energy storage is becoming increasingly important in the transition to a fully sustainable and [...] Ampowr recognizes the potential for Battery Energy Storage Systems to participate in energy trading [...] Unlock grid expansion possibilities with Ampowr's peak shaving solution. By combining a Battery Energy [...] Ampowr has a people-led culture to drive modern thinking and turn strategy into behavior, continuously adapting in an ever-changing world. We strive to take action and empower the energy transition, focusing on products that contribute to a net-zero future, while harmonizing a balance between people, planet, and performance. Ampowr’s key value is to embrace our stakeholders with a culture of trust and transparency. This shapes the value of all of our stakeholders’ relationships. We challenge ourselves to remain agile. From research to moving forward, to finding new solutions. Batteries Resources About Ampowr Office: Rijnzathe 16, 7th Floor, 3454 PV, Utrecht, The Netherlands R&D / Logistics Facility: Boteyken 363, 3454 PD, Utrecht, The Netherlands Privacy • Cookies • Disclaimer • All Rights Reserved • ©2023 Ampowr B.V. Language Industries Social Customize Consent Preferences Always Active Toggle Navigation Up to 3,100 cycles 3,500 to 10,000 cycles 10,000 to 30,000 cycles Custom battery packs Mobile power system up to 5kWh Residential system up to 20kWh Telecom system up to 96kWh Commercial system up to 144kWh Industrial system up to 2,060kWh CosmosEMS EMS NEW Test2 Get a quote BATTERIES Crystal Batteries Nano Crystal Batteries NCPB AmpiPACK Mobile Systems AmpiHOME AmpiDEN AmpiTOWER AmpiFARM COSMOSEMS INDUSTRIES Utility and ESCO’s Commercial and Industrial Agriculture and Horticulture Telecoms and Data Centers Residential and Leisure Motive Power Aerospace and Defense Oil and Gas RESOURCES Downloads Articles FAQ Distributors Support ABOUT Company News Social Responsability Contact Careers GET A QUOTE Home joeybuehler 2023-09-13T14:49:02+00:00 Leading the Switch the Flick™, become part of the net-zero future Get Started GET STARTED View Systems View Platform VIEW SYSTEMS VIEW PLATFORM Learn more Read more about us READ MORE ABOUT US READ MORE Ampowr’s key value is to embrace our stakeholders with a culture of trust and transparency. This shapes the value of all of our stakeholders’ relationships. Get a Quote Close product quick view Terms & Conditions Close Sliding Bar Area English"
https://giga-storage.com/over-ons/,10/23/2023 16:25,"OVER ONS “MET GIGA BATTERIJEN DE WEG VRIJMAKEN OM KOLEN- EN GASCENTRALES AF TE SCHAKELEN” DE REIS VAN GIGA STORAGE TOT NU…… MISSIE VISIE GIGA STORAGE BELGIË HOE HET WERKT “Onze missie is om fossiele energie centrales af te schakelen door het realiseren van grootschalige energieopslag.” Om dit doel te halen, hebben wij de ambitie om vóór 2030 in heel Europa 3 GW batterijopslagcapaciteit te ontwikkelen en te realiseren. Dit kan enkel plaatsvinden door een combinatie van Nederlandse en Europese groei. De manier waarop we elektriciteit verbruiken en opwekken, verandert. Met de opkomst van hernieuwbare energiebronnen, elektrische voertuigen en lokale opwekking, evolueert het energielandschap. Duurzame energiebronnen als wind- en zonne-energie zijn voldoende aanwezig om ons van elektriciteit te kunnen voorzien. Echter wordt deze duurzame opwek momenteel niet optimaal benut en komt onbalans en congestie steeds vaker voor op het elektriciteitsnet. Door de inzet van onze GIGA batterijen, helpen wij duurzaam opgewekte energie op een slimme manier te gebruiken en dragen wij bij aan de oplossing van het congestie en onbalansprobleem op het net. De executie hiervan doen wij door GIGA krachtige batterijen op strategisch slimme plekken te plaatsen om zo duurzame energieopslag optimaal te managen en op het juiste moment, aan de juiste afnemer en op de juiste plaats energie te kunnen leveren. Door batterijen op strategische locaties te plaatsen wordt congestie voorkomen en netstabiliteit gewaarborgd. GIGA Storage heeft een uitgebreide pijplijn van energieopslagprojecten in Europa van in totaal meer dan 10 GWh in verschillende fases van initiatief tot ontwikkeling. Er wordt geïnvesteerd in projecten voor zowel optimalisatie van de energievoorziening als netstabiliteit. Energieopslagcapaciteit wordt verhuurd aan grote energiebedrijven en diensten worden geleverd aan de netbedrijven om het elektriciteitsnet te balanceren en congestie op te lossen met duurzame energie. GIGA Storage Belgium ontwikkelt en zet grootschalige energieopslagprojecten in binnen het Belgische energienetwerk. Wij geloven dat grootschalige energieopslag van energie uit hernieuwbare energiebronnen een antwoord biedt op het afschakelen van fossiele brandstoffen zonder de energiebevoorrading in gevaar te brengen. Wij hebben de ambitie om vóór 2030 in Europa 5 GW batterijopslag te realiseren. De energietransitie zorgt ervoor dat steeds meer groene energie, zoals zon- en windenergie, wordt aangesloten op het net. Dit is een fantastische ontwikkeling maar deze nieuwe vormen van energie opwek zijn minder betrouwbaar dan de opwek met behulp van fossiele brandstoffen. Wanneer de zon niet schijnt en de wind niet waait is er een tekort aan energie aanbod. Aan de andere kant wordt er overdag vaak te veel energie opgewekt waardoor groene energie moet worden afgeschakeld en verloren gaat. Om efficiënt om te gaan met groen opgewekte energie moeten deze piekmomenten in vraag en aanbod worden gebalanceerd. Door een batterij op te laden in periode van aanbodoverschot en te ontladen in geval van een energietekort, wordt het net gestabiliseerd zonder dat daar fossiele brandstoffen voor nodig zijn."
https://giga-storage.com/en/news/giga-storage-saves-energy-with-enormous-storage-systems/,10/23/2023 16:25,"MORE AVAILABLE GREEN ENERGY & THE BEGINNING OF THE END OF FOSSIL FUELS THE CHALLENGES OF ENERGY STORAGE NINE THOUSAND HOUSEHOLDS IN ONE ENERGY STORAGE SYSTEM EUROPE’S LARGEST SUSTAINABLE ELECTRICITY STORAGE COMPANY A BATTERY OF SMART MINDS “OUR AMBITION IS TO BECOME EUROPE’S LARGEST SUSTAINABLE ELECTRICITY STORAGE COMPANY” When can we definitively leave the era of fossil fuels behind and transition to green energy? The answer might come from GIGA Storage, a young company developing gigantic batteries for the storage of energy generated by solar and wind sources. Despite the exciting challenges and complex procedures involved in this form of energy storage, CEO Ruud Nijs firmly believes in his energy storage business. “Our ultimate goal is to finally be able to shut down coal and gas power plants.” That the transition to renewable, ‘clean’ energy is one of the priorities of the present time should come as no surprise. Solar fields and wind parks are being established continuously to provide us with sustainable electricity. However, there is one problem: storage. Energy generated by elements like the sun and wind naturally has a variable nature. At one moment, gusts of wind and sun rays produce significant amounts of energy, while during thick cloud cover and little wind, the harvest is meager. Moreover, the demand for energy does not correlate with the weather. Hence, it is essential to store the generated energy as well. The more storage capacity we have, the more we can rely on this renewable source. Unfortunately, the market for energy storage in the Netherlands is still in its infancy. The business case for storage systems is complex, permitting procedures are slow, and a considerable amount of money is required to make it all happen. For instance, installing a 48-megawatt-hour (MWh) battery can easily cost 25 million euros, as it requires as much as 6,250 kilograms of the metal lithium. But that’s not the only issue: the extraction of this raw material is problematic for multiple reasons. The demand for it has exploded in recent years, and lithium often comes from poor or politically unstable countries where human rights and the environment are under significant pressure. The EU is now working on ethically responsible extraction of this resource and experimenting with other materials. However, until then, the early-stage circumstances in an unpredictable market make it challenging to make large investments in the short term, even though the energy transition demands it. Still, GIGA Storage remains optimistic about the future of battery storage. This can be seen in the ambitious mission statement displayed on their website: ‘Clearing the path to shut down coal and gas power plants with giga-batteries.’ To achieve this ultimate goal, the company is currently investing in projects aimed at optimizing energy supply and grid stability. Meanwhile, they are forming partnerships with Eneco, Rabobank, and the Triodos Energy Transition Europe Fund as financial sponsors. In October of last year, GIGA Storage completed the construction of the largest battery in the Netherlands: the GIGA Buffalo, an energy storage system with a capacity of 25 megawatts (MW) and 48 megawatt-hours (MWh). The amount of energy that can be stored in this battery annually is comparable to the annual energy consumption of over nine thousand households. This, in turn, can lead to saving up to twenty-three thousand tons of CO2 emissions per year. For the construction of this breathtaking energy project, Rabobank provided the majority of the loan, alongside an investment from the Triodos Energy Transition Europe Fund. Incidentally, this is the first battery that Rabo finances in its own country – in 2019, the Project Finance division already financed a battery in the USA. Currently, the bank has financed over 3 GW of battery capacity worldwide: six in the USA, seven in Europe, and one in Asia. “Our ambition is to become Europe’s largest sustainable electricity storage company,” says Nijs. “With the support of Rabobank and others, we are now able to take this big step towards even larger energy storage. Some future batteries will be even bigger and can be leased to multiple parties simultaneously.” Last year, Rabobank took a minority stake in GIGA Storage through its investment arm, Rabo Investments. This makes Rabobank the first formal investor at the shareholder table. However, Rabobank also emphasizes its role as a “financial advisor”. The in-depth knowledge of colleagues from RaboResearch, who recently published a study on the business model for batteries, proved valuable in shaping a sustainable business model. The same applies to Rabobank’s network. For example, the bank is the house banker of Elestor, a young company in Arnhem focused on developing a new battery technology with significantly lower emissions. Nijs has already indicated that he is eager to switch to construction using the most responsible materials once that new technology becomes available and affordable. “We have chosen a growth investment in GIGA Storage because we believe that flexible storage is crucial for the energy transition,” says Malaya van Ruitenbeek from Rabo Investments. “The GIGA Storage team has proven its ability to attract the right partners and employees, enabling the company to be effective not only as a project developer but also to create attractive business cases in a young market. As co-shareholder, we focus on financing the ambitious project pipeline and ensuring the company’s rapid growth is manageable so that it can become a successful player in the large-scale energy storage sector in both the short and long term.” Bronvermelding: rabobank.nl/over-ons/impact/article/011375807/giga-storage-spaart-energie-met-reusachtige-opslagsystemen"
https://giga-storage.com/en/news/batteries-are-the-rush-hour-lane-of-the-energy-highway/,10/23/2023 16:25,"WHAT CAN WE DO WITH BATTERIES? THE COLLABORATION BETWEEN RENEWABLE ENERGY SOURCES PHASING OUT FOSSIL FUEL POWER PLANTS THE POLITICAL LANDSCAPE A MESSAGE TO THE HAGUE The energy transition is in full swing. Or at least, that’s what we’re led to believe. And while the energy market is evolving and companies are working in various ways towards the energy transition, political authorities in The Hague seem reluctant to take a stance. This includes their position on batteries, even though batteries play a crucial role in creating a future-proof energy system. What is the role of batteries in a sustainable energy network, and what is needed to integrate them widely? Let’s start from the beginning. What can batteries do on the energy grid? The most important role of a battery is to balance the energy grid, which is crucial in the current times. With the rise of wind and solar energy, the electricity generated by the existing grid exceeds its capacity during peak moments. This leads to grid congestion, causing a mismatch between energy demand and supply. A battery can play a crucial role in this scenario. When there is excess energy, the battery charges. When there is a shortage of energy, the battery supplies energy back to the grid. And we’re not talking about insignificant power here. There are batteries that can deliver 300 megawatts (MW) of power for up to 4 hours (1,200 megawatt-hours, MWh). For reference, average-sized cities like Woerden and Houten consume around 30 to 40 MW during peak moments. Therefore, these cities can easily be supplied with energy for a day and a half by a fully charged battery. And this calculation assumes no electricity is generated from other sources in the meantime. The desired minimum capacity for batteries is 4 hours, but ideally, it should be extended to 5 hours. This margin is built-in to allow for flexibility. This represents a significant improvement compared to earlier batteries, which could only deliver power for half an hour to 2 hours. The preference for 4 or 5 hours is not arbitrary. Peaks of 4 hours in solar energy generation are quite common, and this excess energy can be stored for nighttime use. On the other hand, during peak hours, a 4-hour capacity is more than sufficient to accommodate surplus energy demand. So far, we have discussed the role of batteries specifically in relation to solar energy. However, in the energy transition, different renewable energy sources need to coexist. Everyone has a place in the energy transition, and solar energy offers many opportunities, especially for rooftops without solar panels. Wind energy is a different story. Currently, batteries are expensive. To recover the investment, batteries need to operate continuously. Multiple days of inactivity would be detrimental to the investment. Moreover, the current generation of batteries is not designed for long-term storage. During several stormy days, the battery can be charged within a few hours, but not all subsequent wind energy may be usable. However, during such a storm, there are fluctuations in wind speeds that the battery can respond to. The battery allows for delivering a more stable energy profile. Collaboration and optimization between solar and wind energy are crucial, as this is where the battery comes into its own and can be fully utilized. Current batteries can easily last for 15 years. Collaboration is also the key to creating a robust and sustainable energy network. It’s not just about the collaboration between energy sources, but also between companies, suppliers, and countries. The interconnections between countries allow for more flexibility in renewable energy generation. Batteries can alleviate the strain on international networks at a national level. This also enables a faster phase-out of fossil fuel power plants. However, this transition won’t happen overnight. It can’t. We have relied on conventional power plants for many years. It’s called a transition for a reason. Currently, the grid doesn’t have the capacity to rely entirely on sustainable energy. But over time, it will become less profitable to keep conventional power plants operational. Producing electricity from renewable sources is nearly costless once they are established. As sustainable generation increases, the costs of fossil fuel sources rise. Additionally, as we become less dependent on fossil fuel sources, conventional power plants will have to earn more money in the shorter time they are needed; they will be on standby more often. I expect that within 15 or 20 years, conventional power plants in Western Europe will hardly be used on an average day. Is this transition happening quickly enough? For the environment, it can never be fast enough. However, countries are moving in different directions, so it won’t happen much faster. Germany, for example, is heavily investing in gas, and Poland is subsidizing coal. Achieving the energy transition and incorporating batteries is primarily a challenge in terms of the business case. The technology is available, but there are financial challenges when countries still want to compete economically using outdated energy sources. In this regard, the Netherlands needs to establish a new international competitive position. Dutch politicians also claim to support the energy transition. However, in practice, the opposite often seems to be true. We continuously undermine our own progress. People are left to bear the transportation costs associated with battery usage, costs that are in line with the old system. But why are we doing this? Batteries help balance the grid, but we have to pay the price. In many European countries, such as our Belgian neighbors, things are different. They even receive a portion of the basic income as standard conditions to make batteries more profitable. The system needs an overhaul. We must move away from conventional thinking in the Netherlands. Batteries are vital for the energy infrastructure. We shouldn’t think that laying thicker cables in the ground is the solution to handle all energy generation. In fact, 10 years ago, during the introduction of solar and wind energy, we could have anticipated that grid congestion could become a problem if we didn’t enhance the infrastructure, for example, with batteries. The grid is not overloaded all the time. It’s only the case during peak hours. The rest of the day, there is plenty of capacity on the energy highway. The battery is the auxiliary lane. So, to policymakers: think beyond the present, take a position, and ensure that permit procedures and regulations are in order. Invest now in the system of the future. Next post:"
https://giga-storage.com/en/news/giga-storage-announces-large-scale-energy-storage-project-in-belgium/,10/23/2023 16:25,"POST NAVIGATION Amstelveen, 27 September 2023 – GIGA Storage Belgium announced today that they are planning to develop a large-scale energy storage project in Kinrooi, just across the border from Weert. With this 1,200 megawatt hour project, another significant step is taken in the energy transition, and it becomes clear that Belgium intends to take a leading role in Europe Joeri Siborgs, General Manager of GIGA Storage Belgium: Stated, “This project represents a major advancement for Belgium. This energy storage project will connect to the high-voltage grid and substantially contribute to the electricity network’s sustainable stabilisation. We already have informed the local residents of this new project during an information session to explain our plans. We are now submitting the environmental permit application to the competent authorities.” Ruud Nijs, CEO of GIGA Storage: Said, “We have been active in energy storage in the Netherlands for several years. It’s great to see that momentum is now building in Belgium as well. This project is of a similar scale to our Dutch project in Delfzijll. However, developments in Belgium are progressing faster since batteries in Belgium are largely exempt from transmission network costs.” Last week, the Belgian Minister of Energy, Tinne van der Straeten, emphasised the importance of an attractive investment climate “It is due to the favourable investment climate that we are witnessing the construction of numerous new battery parks in Belgium. Battery parks, for example, are exempt from transmission network charges for ten years and do not have to pay excise duties for the portion they return to the grid. In this way, we will make Belgium a leader in the energy transition. About GIGA Storage Belgium GIGA Storage Belgium is an energy company that develops and deploys large-scale energy storage projects within the Belgian energy network. GIGA Storage believes that large-scale energy storage from renewable sources provides a solution for phasing out fossil fuels without jeopardising energy supply. We aim to facilitate the nuclear phase-out in 2025 and strive to achieve 3GW of battery storage in Belgium by 2030. About GIGA Storage GIGA Storage specialises in large-scale energy storage. Investments are made in projects aimed at optimising energy supply and grid stability. GIGA Storage’s goal is to become a key player in energy storage in Europe to fully harness sustainably generated energy. Energy storage is the missing link in the transition to a world powered exclusively by renewable and clean energy Previous post:"
https://giga-storage.com/nl/,10/23/2023 16:25,"GIGA Storage REALISeERT grootschalige duurzame energieopslag. GIGA STORAGE REALISEERT GROOTSCHALIGE DUURZAME ENERGIEOPSLAG. DIT IS HOE WIJ HET VERSCHIL MAKEN OVER GIGA STORAGE GIGA STORAGE NIEUWS TRANSPORTKOSTEN: HOE ZIT HET NOU PRECIES? GIGA STORAGE KONDIGT GROOTSCHALIG ENERGIEOPSLAGPROJECT AAN IN BELGIË GIGA STORAGE SPAART ENERGIE MET REUSACHTIGE OPSLAGSYSTEMEN NEEM CONTACT MET ONS OP Grootschalige energieopslag is de ontbrekende schakel in de energie transitie. Als de wind niet waait en de zon niet schijnt levert GIGA Storage duurzame energie. Wat GIGA Storage zo uniek maakt, is de slimme combinatie tussen hardware en software! Via de energiemarkten is GIGA Storage in staat de balancerende rol van kolen- en gascentrales over te nemen. Ook voorkomen onze batterijen congestie problematiek waardoor meer particulieren, bedrijven en zonne- en wind producenten worden aangesloten op het net. GIGA Storage realiseert grootschalige duurzame energieopslag. Door slim gebruik van grootschalige energieopslag kunnen partijen sneller worden aangesloten tegen lagere maatschappelijke kosten, waarbij meer duurzame energie wordt benut en fossiele brandstofcentrales versneld kunnen worden gesloten. Volg hier de laatste ontwikkelingen van GIGA Storage en het nieuws rondom grootschalige energieopslag. GIGA Storage is het energieopslagbedrijf dat grootschalige energieopslagprojecten ontwikkelt, realiseert en inzet. Wat onze oplossing zo uniek maakt, is de slimme combinatie tussen hardware en software! GIGA Storage Nederland HEEFT U EEN VRAAG OF OPMERKING? GIGA Storage België Projecten Onze oplossingen IT Platform Cookiebeleid Duurzaamheid Over ons Het team Vacatures ©2023 Giga Storage. Alle rechten voorbehouden | KvK nr. 71586334 | BTW BE0798.175.089 Functional Functional Altijd actief Functional Altijd actief Voorkeuren Voorkeuren Voorkeuren De technische opslag of toegang is noodzakelijk voor het legitieme doel voorkeuren op te slaan die niet door de abonnee of gebruiker zijn aangevraagd. De technische opslag of toegang die uitsluitend voor statistische doeleinden wordt gebruikt. Energy Storage Projecten Smart Grid Oplossingen Projecten Nieuws Over ons Het team Werken bij Giga Storage Oplossingen Bekijk al het nieuws"
https://giga-storage.com/en/team/,10/23/2023 16:25,THE GIGA STORAGE TEAM RUUD NIJS MAARTEN QUIST LARS RUPERT JEROEN BUIS TIFFANY ABATI SANNE BON ANNE DE BEURS ANNE-MARIE VAN DOORN DANIELA FAHRENKROG TOM GROENEWEG SANDER HARSKAMP DIGNUS HEIJNING ROLF KORSUIZE FEDOR VAN DER LAAN HELEEN LUYT JOOST VAN DER MEIJ LILIANA MOREVA JIP RIETVELD SUMIT SIAL JOERI SIBORGS ALIE SIJBERSMA FERDINAND VOSKENS SALAN ZIJLSTRA MEL KROON RUUD KOORNSTRA FRED SPEE Energy storage is more than projects and an IT platform. The people at GIGA Storage make the real difference! CEO COO CFO CIO Marketing & Communication Manager Office Manager/Marketing employee Python Developer and Data Scientist Business Controller Business Development Director Technical Director Technical Project Leader Business Developer Senior Project Developer Technical Specialist Battery Storage Financial Director Project Manager Legal Assistant Technology Specialist Data Analyst General Manager Belgium Project Developer General Counsel Consultant Chairman of the Advisory Board Member of the Advisory Board
https://giga-storage.com/en/about-us/,10/23/2023 16:25,"ABOUT US “GIGA BATTERIES PAVE THE WAY TO SWITCH OFF GAS AND COAL-FUELLED POWER PLANTS.” THE GIGA STORAGE JOURNEY SO FAR… MISSION VISION GIGA STORAGE BELGIUM GIGA Storage is the energystorage company that develops, creates and deploys large-scale energy storage projects. The smart combination between hardware and software makes our solution so unique! Mission statement “Our mission is to switch off fossil-fuelled power plants by creating large-scale energy storage.” To achieve this goal, we have the ambition to develop and create 5 GW of battery storage capacity throughout Europe by 2030. This can only take place through a combination of Dutch and European growth. The way we consume and generate electricity is changing. The energy landscape is evolving with the rise of renewable energy sources, electric vehicles, and local generation. Renewable energy sources such as wind and solar power are sufficiently available to provide us with electricity. However, this sustainable generation is currently not being used optimally, and imbalance and congestion are becoming increasingly common on the power grid. By deploying our GIGA batteries, we are helping to use sustainably generated energy smartly, and contributing to solving the congestion and imbalance problem on the grid. We execute this by placing GIGA powerful batteries in strategically smart locations to optimally manage renewable energy storage and to be able to supply energy at the right time, to the right customer and at the right place. GIGA Storage places batteries at strategic locations in the electricity network, prevents congestion and guarantees grid stability. GIGA Storage Belgium develops and deploys large-scale energy storage projects within the Belgian energy network. We believe that large-scale energy storage of energy from renewable energy sources offers an answer to switching off fossil fuels without endangering energy supplies. Our ambition is to realize 5 GW of battery storage in Europe before 2030. The energy transition is seeing more and more green energy, such as solar and wind power, being connected to the grid. This is a fantastic development, but these new forms of energy generation are less reliable than generation using fossil fuels. When the sun does not shine and the wind does not blow, there is a shortage of energy supply. On the other hand, too much energy is often generated during the day so green energy has to be switched off and is lost. To deal with green generated energy efficiently, these peak moments in supply and demand must be balanced. By charging a battery during periods of excess supply and discharging it in the event of an energy shortage, the grid is stabilized without the need for fossil fuels."
https://giga-storage.com/en/contact/,10/23/2023 16:25,"To navigate, press the arrow keys. Map data ©2023 Google 200 m Click to toggle between metric and imperial units"
https://giga-storage.com/en/working-at-giga-storage/,10/23/2023 16:25,"WILL YOU BECOME OUR NEW COLLEAGUE? OPEN VACANCIES OPEN APPLICATION WANT TO KNOW MORE FIRST? Since the very beginning in 2018 our mission has been to switch off fossil-fuelled power plants by creating large scale energy storage. Large scale energy storage is the missing link in the energy transition. When the wind is not blowing and the sun is not shining, we deliver renewable energy. The smart combination of hardware and software makes us so unique! Recently we opened the largest battery in the Netherlands. In the upcoming years, many more large-scale projects will be realized in the Netherlands and neighbouring countries. Enough opportunity for development and personal growth! To stick to our mission and achieve our goals, we are always looking for like-minded, enthusiastic, and qualified new colleagues to further strengthen our Team. If there is no vacancy when you visit our website and you are still interested, we kindly invite you to send an unsolicited application in which we would like to receive your curriculum vitae and motivation. You can send this to : werken@giga-storage.com If so, please contact us. Giga Storage Amstelzijde 85A 1184 TZ Amstelveen +31 (0)20 – 215 77 87 werken@giga-storage.com Check our vacancies"
https://giga-storage.com/en/sustainability/,10/23/2023 16:25,"SUSTAINABILITY NEW SUSTAINABLE SOLUTIONS MATERIALITY – GIGA STORAGE CARBON FOOTPRINT AFFORDABLE, RELIABLE AND SUSTAINABLE ENERGY SYSTEM SUPPLY CHAIN ENERGY STORAGE IS THE MISSING LINK IN THE ENERGY TRANSITION. FAIR COBALT ALLIANCE GIGA FOUNDATION “GIGA Storage will take over the balancing role of gas and coal-fuelled power stations and thus play an indispensable role in the realisation of the energy transition.” Energy storage is the missing link in the energy transition. Generating electricity sustainably requires new solutions. The generation of energy with the help of sun and wind has a highly volatile nature, where energy is often not generated when requested. Currently, the difference between supply and demand of energy on the grid is balanced using fossil-fuelled power plants. Battery Energy Storage Systems can take over this balancing role, switching off gas and coal-fuelled power plants. GIGA Storage aims to play an instrumental role in this transition to a reliable, affordable and sustainable energy grid in Europe. As a sustainable-oriented company, we feel the urge to honestly report on our impact, positive as well as negative. Materiality is part of several sustainability standards that have been designed to provide companies with a framework for reporting on non-financial information. Materiality topics are designed to provide an overview of the most significant impact of organisations on the economy, environment, and society. Based on these standards, GIGA Storage has identified three significant impact factors. Currently, the difference between supply and demand of energy on the grid is balanced using fossil-fuelled power plants. Battery Energy Storage Systems can take over this balancing role and thus switch off gas and coal-fuelled power plants. When there is a production surplus of (preferably) green energy, our battery can be fully charged with this surplus. The moment the energy demand exceeds the supply, the energy that was previously stored can be supplied back to the grid. This prevents gas or coal-fuelled power stations from being switched on at these times. To illustrate this, you can click on the right to see the live dashboard with the total CO2 emissions saved so far by using our GIGA batteries. Please refer to the project page for the savings and sustainability of each specific project. The meters per project start in red because the battery’s CO2 emissions in the development phase (construction, transport and installation) are included in the calculation. Large-scale energy storage of renewable electricity can take over the balancing role of gas and coal-fuelled power stations. The generation of solar and wind energy is volatile by nature, but by storing energy at times of a production surplus, this green energy can be supplied back to the grid at times when individuals and companies ask for it. This results in a reliable, affordable and, above all, sustainable energy system in which locally generated energy is used efficiently. Levelling off peak moments of energy production ensures that the available space on the grid is better distributed, so that more individuals, companies and solar and wind producers can be connected to the grid. The supply chain of the GIGA batteries can be divided into several phases. Whereas the use of large-scale energy storage during the operational phase has a positive impact on, for example, the prevention of CO2 emissions, the supply chain also has a negative impact. While mining, assembling, transporting, and constructing, CO2 is emitted. Besides heavy metals such as cobalt, copper and nickel are processed. These metals are not finitely available, so recycling and reuse are of great importance during and after the degradation of the battery systems. GIGA Storage tries to improve the impact of each new project. By executing a life cycle analysis, GIGA Storage is providing insight on the negative impact connected to the development of the Buffalo battery system. Besides, whereas the GIGA Rhino project still incorporates cobalt, the GIGA Buffalo is completely cobalt-free. To reduce CO2 emissions in the Buffalo project, GIGA Storage has also been looking for more sustainable alternatives for the construction of its concrete foundation. Please find the result of the life cycle analysis and the report on sustainable concrete below. By joining the Fair Cobalt Alliance, GIGA Storage is committed to making cobalt mining more humane and sustainable. GIGA Storage donates 0.5% of annual profits to the GIGA Foundation. More Information Carbon Footprint Energy System Supply Chain Life Cycle Analysys Sustainable Concrete"
https://giga-storage.com/en/news/,10/23/2023 16:25,"NEW CFO AT ENERGY STORAGE MARKET LEADER GIGA STORAGE MOVES OVER FROM THE MINISTRY OF FINANCE NEW CROWDFUNDING OPPORTUNITY GIGA STORAGE LARGE BATTERY PARKS MARK THE END OF FREE ELECTRICITY LISTEN TO THE BNR NEWS RADIO PODCAST IN WHICH OUR CEO RUUD NIJS WAS A GUEST TO TALK ABOUT THE LARGEST BATTERY STORAGE IN EUROPE THAT WE WANT TO BUILD IN DELFZIJL! GIGA STORAGE WILL DEVELOP LARGE-SCALE ENERGY STORAGE ON THE FORMER DAMCO SITE IN CONVERSATION WITH RUUD NIJS AND DAVID PETERS THANKS TO THE GIGA BATTERY, GREEN ELECTRICITY IS ALSO AVAILABLE WITHOUT WIND OR SUN GIGA STORAGE OPENS OFFICE IN BELGIUM AND APPOINTS JOERI SIBORGS AS GENERAL MANAGER FOR GIGA STORAGE BELGIUM RABO INVESTMENTS ACQUIRES A PARTICIPATION IN GIGA STORAGE Follow the latest developments from GIGA Storage and the news surrounding large-scale energy storage. GIGA Storage Industry News Press Releases 1"
https://giga-storage.com/en/projects/leopard/,10/23/2023 16:25,"A PROJECT OF 300 MW AND 1,200 MWH CONTINUATION OF AN INDUSTRIAL LANDMARK GIGA Storage is a developer, manager, and investor in energy storage for large-scale sustainable projects in Europe, aiming to replace gas and coal power plants and ensure grid stability. At the former aluminum smelter site Aldel, work is currently underway on our GIGA LEOPARD battery. With a capacity of 300 MW and 1,200 MWh, this will be a significant battery park contributing to the energy transition in the Netherlands. At this historic location, where aluminum was produced until 2022, energy storage will be realized on an industrial scale for the first time. In 2019, the aluminum smelter Aldel presented its ambitious green multi-year strategy to produce future-proof, sustainable aluminum. This industrial landmark had a direct (large) connection to the high-voltage grid of the grid operator TenneT. In its green strategy, Aldel was already working on the flexibility of its production process, which could help balance the energy grid. The smelter operated as a virtual battery, allowing production to be ramped up and down on the grid operator’s request. With this virtual battery function, the aluminum smelter substantially contributed to balancing the national electricity grid. Unfortunately, Aldel went bankrupt at the end of 2022 after more than fifty years. In April 2023, GIGA Storage will take over the closed distribution network to establish large-scale energy storage at this historic location. GIGA LEOPARD will help balance the difference between supply and demand on the Dutch electricity grid. The virtual battery is continued with a physical battery park of 300 MW and 1,200 MWh. GIGA Storage is proud that this historical site with a significant Groningen history will now be used for a future economy: increasing the amount of sustainable energy on our network. In the Delfzijl region, a large amount of sustainable energy is generated; with the large battery park, the share of sustainable energy can further increase; at times when there is a shortage of energy, it can be reintroduced to the electricity grid. “Of course, it’s unfortunate that aluminum production had to stop in Delfzijl after so many years, and we certainly recognize the significant impact it has on the local Groningen population. But as GIGA Storage, we are proud that we now have the opportunity to replace a major industrial energy consumer with a sustainable solution that will greatly aid the energy transition.” Ruud Nijs, CEO GIGA Storage GIGA Storage is in the preparation phase for implementation and is working closely with local authorities and relevant agencies. It is crucial that all stakeholders are informed and stay updated on the developments, which are communicated through an honest, open dialogue."
https://giga-storage.com/en/projects/buffalo/,10/23/2023 16:25,"THE BUFFALO BATTERY The Buffalo battery, with a capacity of 25 MW and 48 MWh of storage capacity, is the largest battery project in the Netherlands in 2022. Another GIGA battery! Eneco is committed to deploying this battery long-term to make its energy services more sustainable. The Buffalo battery has been installed close to the Wageningen University & Research test centre in Lelystad. The battery is connected to and is part of Windnet’s smart grid, and is directly connected to the Mammoethtocht and Neushoorntocht wind farms. Eneco uses the battery, among other things, to balance its energy services sustainably and to put more sustainable energy on the grid. This limits the amount of time that the generation of sustainable energy needs to be switched off. In addition, the Buffalo battery stabilises the power grid. The Buffalo battery thus makes an important contribution to reducing CO2 emissions. The battery is equipped with extensive safety features and integrated hardware and software. These batteries are cobalt-, nickel- and manganese-free. In addition to eliminating these heavy metals, GIGA Storage has chosen to make the concrete used in the foundation of our battery site more sustainable. The concrete industry is highly polluting and responsible for 5% of global CO2 emissions. To limit the CO2 emissions in the Buffalo project, GIGA Storage has been looking for more sustainable alternatives for the construction of the concrete foundation. Read below about the use of Ecocrete 100 concrete and the application of elephant grass in Bio Bound concrete. Sustainable concrete"
https://giga-storage.com/en/projects/elephant/,10/23/2023 16:25,"THE ELEPHANT BATTERIES Several large-scale energy storage projects are currently under development to provide services to the high-voltage grid operator TenneT. The goal is to provide services that balance the high-voltage grid and solve congestion problems. With this, we want to take over the services that are currently provided by gas and coal-fuelled power stations. These are long-term development projects. As soon as we can share more information about these projects, you will find it on this page."
https://giga-storage.com/en/our-solutions/,10/23/2023 16:25,"OUR SOLUTIONS NEW CHALLENGES CONGESTION PREVENTION CREATING GRID STABILITY HOW IT WORKS THE USE OF STORAGE IN THE POWER GRID TSO DSO BUSINESS PARKS The way we consume and generate electricity is changing. The energy landscape is evolving with the rise of renewable energy sources, electric vehicles, and local generation. But new developments bring new challenges. Renewable energy sources such as wind and solar energy are sufficiently available to provide us with electricity, but generating renewable energy is not fully maximised. The electricity grid is a conventional system designed to produce energy from fossil fuels. There must be sufficient space to transport generated energy via the high-voltage grid. The big problem is that the supply-driven nature of generating renewable energy leads to enormous production peaks. As a result, congestion is becoming increasingly common. Besides causing congestion problems, the increase in renewable energy production affects the power grid’s reliability. The increasing volatility of energy supply means imbalances between energy consumption and energy production occur more frequently. GIGA Storage places batteries at strategic locations in the grid and contributes to creating a reliable, affordable and sustainable energy system. GIGA Storage has an extensive pipeline of energy storage projects in Europe totalling more than 10 GWh in various phases, from early plans to development. We invest in projects for energy supply optimisation and grid stability. We lease energy storage capacity to large energy companies and provide services to the grid companies to balance the grid and solve congestion. With the growth of renewable energy production and increasing electrification, our grid is not always able to handle the transportation of electricity. This is called congestion. The high-voltage grid is like a motorway on which traffic jams are not allowed. And here too, our grid is usually relatively quiet, while traffic jams only occur at certain times. These traffic jams take place at peak moments of energy production, reaching maximum transmission capacity. Reaching this maximum capacity prevents individuals, businesses, and solar and wind producers from being connected to the grid. To solve this congestion problem, lots of effort is being put into the expansion of the power grid. The new grid is designed to withstand the maximum peak that could take place on paper. However, instead of increasing the size of the grids and adjusting them to the theoretical maximum peak, it is often better to place energy storage at strategic locations. In this way, we create a more efficient power grid at less social cost. Storage and control of electricity are indispensable for a reliable, affordable and sustainable energy system. GIGA Storage creates large-scale energy storage in Europe to prevent congestion and to be able to connect more parties to the grid. By connecting more and more renewable energy production to the grid, the energy system is undergoing a structural change. Instead of being demand-driven, the system is evolving into a production-driven network. When the sun is not shining and the wind is not blowing, there is a shortage of energy supply. However, too much energy is often generated during the day, causing renewable energy to be traded at negative prices or even to be switched off and is lost. To make the energy transition a reality without affecting the reliability of the power grid, large-scale energy storage is necessary. By charging a battery during periods of supply surplus and discharging it in case of energy shortage, the grid is stabilized. GIGA Storage helps stabilize the grid by, on the one hand, offering itself to the electricity markets and, on the other, leasing its storage capacity to power companies (STAAS – Storage As A Service). Due to the energy transition, more and more renewable energy, such as solar and wind power, is being connected to the grid. This is a fantastic development, but these new energy sources are less reliable than fossil fuels. When the sun is not shining and the wind is not blowing, there is a shortage of energy supply. However, too much energy is often generated during the day, causing renewable energy to be traded at negative prices or even to be switched off and is lost. To deal efficiently with renewable energy, these peak moments in supply and demand must be balanced. The grid is stabilised without the need for fossil fuels by charging a battery in periods of a supply surplus and discharging a battery in the event of an energy shortage. GIGA Storage uses large-scale energy storage in three different ways. Through the deployment of our services, the electricity network is stabilised and local congestion is prevented. On the high-voltage grid, balancing products are necessary to keep the grid stable nationwide. By offering capacity through different markets, GIGA Storage can provide balancing services in a sustainable way. Regional grid operators face congestion at almost all medium-voltage substations. This can be solved by enlarging the cables and stations, but in many cases, installing large-scale energy storage will be a faster and cheaper solution. By operating “behind the meter” energy consumers and producers in conjunction with a battery, many more parties can be connected to the regional grid operator. Also for solar and wind production, the combination with large-scale energy storage will bring efficiency benefits. Read more Congestion prevention Creating grid stability"
https://giga-storage.com/en/projects/,10/23/2023 16:25,"PROJECTS BUFFALO ELEPHANT LEOPARD BATTERY ENERGY STORAGE SYSTEMS (BESS) GIGA Storage is a developer, manager and investor of energy storage in large-scale, sustainable European projects and trades in energy on the energy trading markets. 12MW / 7 MWh 24MW / 48MWh In development 300MW / 1.200MWh Battery Energy Storage Systems (BESS) are energy storage systems, i.e. batteries, that store energy in the form of electricity. These batteries can be connected to the power grid and wind farms and solar farms to temporarily store energy and prevent grid congestion. For most of the year, the maximum load on the electricity network is not used at all. Only a few times per year, sometimes only for a few hours, there is a maximum load on a grid level, a part of the power grid. Storing energy can offer a quick, simple and affordable solution for these peak moments. For the other grid levels, the capacity can simply be deployed. The high-voltage grid is like a motorway on which traffic jams are not allowed. And just with the motorway, our grid is usually relatively quiet, while traffic jams only occur at certain times. With the installation of the GIGA Rhino Battery in 2020, GIGA Storage has taken the first step towards the application of large-scale energy storage in the Netherlands. GIGA Rhino was set up as a pilot project in collaboration with Wageningen University & Research. With subsequent projects such as GIGA Buffalo and GIGA Elephant, GIGA Storage is taking further steps in achieving and accelerating the energy transition. All our projects are explained in more detail below."
https://giga-storage.com/en/projects/rhino/,10/23/2023 16:25,"RHINO THE RHINO BATTERY GIGA Storage is a developer, manager and investor of energy storage in large-scale renewable projects in Europe and trades energy on the energy trading markets. The Rhino Battery, with a capacity of 12 MW/7.5 MWh, was the most powerful battery in the Netherlands when it was completed in 2020. The amount of energy stored in the Rhino Battery annually can be compared to the total electricity consumption of approximately 5,000 households per year: a GIGA battery! The Rhino Battery was installed in 2020 close to Wageningen University & Research test centre in Lelystad, right next to the Neushoorntocht wind farm. The primary purpose of this battery is to put a greater amount of renewable energy on the power grid. We do this by deploying the battery in such a way that switching off sustainable energy production is limited. In addition, the Rhino Battery helps to stabilise the grid. The Rhino Battery thus has a positive impact on the reduction of CO2 emissions. Energy storage is the missing link in the energy transition. More information"
https://giga-storage.com/en/storage-as-a-service/,10/23/2023 16:25,"VOLATILITY IN THE ENERGY MARKET OUR TAILOR-MADE SERVICE GIGA Storage offers energy producers or customers Storage-as-a-Service (StaaS) to respond quickly to fluctuations in the energy market. In the current energy transition, we are moving from fossil energy sources for the generation of electricity, such as gas and coal, to sustainable energy sources, such as sun and wind. When generating electricity with sun and wind, we can only use the sustainable energy sources if they are available, namely when the sun is shining and when the wind is blowing. This is also called variable renewable energy because this generation cannot be turned on or off, or raised or lowered, just like that. For the energy supply, it is difficult to predict how much sustainable energy is available during a day. This is also the case for producers and consumers of sustainable energy with the solar and wind energy that they sell to customers or the energy market. Batteries can be deployed for a short time to compensate for these shortages and surpluses in sustainable energy generation, or to help keep the energy system balanced by actively offering balancing products to national or regional grid operators. StaaS is our service for the storage of electricity where our customer has access to the control of a battery via the GIGA IT Platform and can therefore use the battery as smartly as possible, in combination with their own electricity portfolio of energy producers and consumers. The customer can use the fast adjustable power of our battery for the different markets such as the intra-day, FRC, aFRR and Energy Imbalance Market. For the purchase of StaaS, commercial agreements and technical preconditions are laid down in long-term contracts so you can use (part of) the storage capacity according to your own needs."
https://giga-storage.com/en/it-platform/,10/23/2023 16:25,"GIGA STORAGE IT PLATFORM SMART COMBINATION OF HARDWARE AND SOFTWARE REAL-TIME CONTROL GIGA Storage manages its own assets via a self-developed IT platform. On this platform, information is read in from energy markets, the batteries and other required data types such as; energy market notifications, weather forecasts, emergency calls etc. This information comes from various sources with all of which we have developed lines of communication. This data is gathered on our platform, where our traders, technical staff and management can see how the batteries are performing and how they are being used. However, the platform is not only a collection of measured data, there is also intelligence behind it. The algorithms and strategies that the trading team has developed can be simulated precisely down to the minute. This way, we can be sure that a strategy is performing well before we apply it. The development of these strategies is part of the platform. With all the data collected, we bring AI and other algorithmic applications together to develop the optimal control of a battery. The signals and real-time control of the batteries are essential. Via our platform, signals are automatically forwarded to the relevant parties, who can take action if something threatens to go wrong. The real-time control can intelligently choose between strategies based on market prices and bids won. This way, no single person needs to be involved to ensure that the batteries are managed safely and effectively. GIGA Storage realizes large-scale renewable energy storage. Smart use of large-scale energy storage allows parties to be connected faster at lower social costs, using more renewable energy and accelerating the closure of fossil fuel power plants."
https://giga-storage.com,10/23/2023 16:25,"GIGA Storage is de “game changer” in grootschalige duurzame energieopslag. GIGA STORAGE CREATES LARGE-SCALE RENEWABLE ENERGY STORAGE. HOW WE MAKE A DIFFERENCE THE FUTURE OF ENERGY STORAGE, TODAY ABOUT GIGA STORAGE GIGA STORAGE NEWS GIGA STORAGE ANNOUNCES LARGE-SCALE ENERGY STORAGE PROJECT IN BELGIUM GIGA STORAGE SAVES ENERGY WITH ENORMOUS STORAGE SYSTEMS BATTERIES ARE THE RUSH HOUR LANE OF THE ENERGY HIGHWAY CONTACT US Large-scale energy storage is the missing link in the energy transition. When the wind is not blowing and the sun is not shining, GIGA Storage delivers renewable energy. The smart combination of hardware and software makes GIGA Storage so unique! GIGA Storage can take over the balancing role of gas and coal-fuelled power stations by making good use of the energy markets. Our batteries also prevent congestion problems, connecting more individuals, companies and solar and wind producers to the grid. GIGA Storage creates large-scale sustainable energy storage. Through smart use of large-scale energy storage, parties can be connected faster at lower social cost, whereby more sustainable energy is used, and the closure of fossil fuel plants can be accelerated. Follow the latest GIGA Storage developments and news surrounding large-scale energy storage here. GIGA Storage is the “game changer” in large-scale renewable energy storage. Energy storage is the missing link in the energy transition. This is the time to bet on powerful, robust and large-scale battery storage. GIGA Storage The Netherlands Amstelzijde 85A 1184 TZ Amstelveen Oranjebaan 13 1183 NN Amstelveen KvK nr. 71586334 GIGA Storage Belgium Agropolis Park 101 3640 Kinrooi BTW BE0798.175.089 +31 (0)20 – 215 77 87 info@giga-storage.com DO YOU HAVE A QUESTION OR COMMENT? Projects Our solutions IT Platform Storage as a Service Cookie Policy About us Sustainability The team Vacancies Contact ©2023 Giga Storage. All rights reserved | CoC nr. 71586334 Powered by ROXTAR Functional Functional Always active Functional Functional Always active The technical storage or access is strictly necessary for the legitimate purpose of enabling the use of a specific service explicitly requested by the subscriber or user, or for the sole purpose of carrying out the transmission of a communication over an electronic communications network. Preferences Preferences Preferences The technical storage or access is necessary for the legitimate purpose of storing preferences that are not requested by the subscriber or user. Statistics Statistics Statistics The technical storage or access that is used exclusively for statistical purposes. The technical storage or access that is used exclusively for anonymous statistical purposes. Without a subpoena, voluntary compliance on the part of your Internet Service Provider, or additional records from a third party, information stored or retrieved for this purpose alone cannot usually be used to identify you. Marketing Marketing Marketing The technical storage or access is required to create user profiles to send advertising, or to track the user on a website or across several websites for similar marketing purposes. Our solutions Energy Storage Projects Smart Grid Solutions Projects Rhino Buffalo Elephant Leopard News Sustainability About Us The Team Working at Giga Storage Home Onze oplossingen Our Solutions ENERGY STORAGE PROJECTS IT PLATFORM STORAGE AS A SERVICE SMART GRID SOLUTIONS See All News *"
https://www.vttresearch.com/en/data-protection-description,10/23/2023 16:25,"Privacy notice for VTT’s stakeholders, customer relationship management and marketing 1. Subject of personal data processing 2. Controller, Data Protection Officer and contact person 3. The categories of personal data and data subjects 4. The purposes for processing personal data 5. The lawful bases for processing 6. Regular sources of information 7. The recipients or groups of recipients of personal data 8. Transfers of personal data outside EU or EEA 9. The existence of automated decision-making, including profiling 10. The retention period or criteria for determining retention period for personal data 11. Principles for protection of the register 12. Rights of the data subject The privacy notice is based on the EU General Data Protection Regulation (2016/679, “data protection regulation”) and applicable national legislation. This privacy notice was last updated on 22.12.2022 (original version 21.6.2018). The privacy notice is updated as necessary, for example due to changes in systems, service providers or legislation. The personal data processed in VTT’s customer and stakeholder management, sales, marketing and event management Controller: Technical Research Centre of Finland Ltd. (”VTT”), Business ID: 2647375-4, Tekniikantie 21, 02150 Espoo VTT Group companies include VTT Ventures Ltd., VTT Holding Ltd. and VTT International Ltd. The companies operate either as an independent controller or a joint controller with VTT (for example shared events) under this privacy notice. VTT’s Data Protection Officer: Address: VTT Technical Research Centre of Finland Ltd., Register Office, P.O. Box 1000, FI-02044 VTT, Finland E-mail: dataprotection@vtt.fi (Data Protection Officer and information security manager and their substitutes) Contact person for the customer and marketing systems: E-mail: marketingregister@vtt.fi The data subjects are persons who represent or act as contact persons for VTT’s current or potential customers, other stakeholder organisations (such as funders, influencers), partners or other interest groups. The subscribers to VTT’s publications and persons registered for stakeholder events are also data subjects. The processing of personal data can include the following categories of personal data: Personal data is processed for the following purposes: The processing of personal data is based on a contractual relationship, controller’s legitimate interest, compliance with a legal obligation or consent. Contract The lawful basis for the processing of personal data can be the performance of a contract or to take the steps prior to entering into the contract at the request of the data subject. This is the case, for example, when personal data is processed in connection with customer relationship management and sales preparation, preparation of contracts, contract management and execution, as well as sales ledger, invoicing, debt collection and managing of other receivables. In event management, the processing of personal data can be based on the performance of contract and, where applicable, consent (e.g., filming for commercial use, processing of special categories of personal data in special circumstances). Legitimate interest The controller’s legitimate interest in the applicable processing purposes of this privacy notice is the right to exercise and advertise legitimate, justified and appropriate business activities, and to develop it’s business operations based on the customer feedback. This is the case, for example, when processing personal data related to customer service and contacts from customers, sales, marketing, sales preparation as well as business development, internal forecasting, reporting and monitoring. In connection with events, recordings can be recorded and presented for the purposes of internal and external communications based on the controller’s legitimate interest. In addition, personal data is processed based on the controller’s legitimate interest in certain situations to ensure the lawfulness of transactions (e.g., know-your-customer procedure). Legal obligation The lawful basis for the processing of personal data is a legal obligation in accordance with the data protection regulation when the processing is necessary to comply with the legal obligations of the controller. This is the case, for example, when personal data is processed for accounting and auditing purposes, legally required export control and sanctions list checks, and other similar measures related to ensuring the lawfulness of business transactions. Consent The lawful basis for the processing of personal data is consent when a person actively provides his or her consent for the specific processing activity, such as permission for direct marketing. Consent can be requested, e.g., when filming for commercial use, for processing of special categories of personal data in special circumstances, and for sharing personal information (such as contact details, photo, profile information) for other event attendees (e.g., when person is filling in information in the mobile application for matchmaking). If the lawful basis for the processing is consent, this is informed to the data subject separately with information on how the consent can be revoked. Personal data is primarily collected from the person directly, for example, as part of customer contacts, event registrations, customer registrations and in connection with sales and contract preparations. Information can also be collected from other sources, such as customer or stakeholder organisations, partners of the controller and public sources. Company information services (such as Suomen Asiakastieto Oy) are used in company company background checks (e.g., export control and sanction checks). VTT uses external service providers to process personal data, such as system providers. The service providers process personal data on behalf of VTT. The recipients of personal data include particularly the following types of entities providing services to the controller, which may change from time to time, e.g., due to reasons in the procurement legislation: VTT can outsource processing of personal data or disclose personal data to partners for events management purposes during registration and events. In case of a joint controllership, the joint controllers can process personal data as required by the event and the processing purpose. Personal data will not be disclosed for third parties or partners for other purposes. Controller can disclose information to competent authorities and other relevant bodies that perform statutory duties in order to fulfil statutory obligations, for instance in connection with accounting and auditing. Personal data is transferred outside EU and EEA. The data transfers are compliant with the requirements as set out in the data protection regulation, assessing the risks appropriately. If European Commission has not deemed the data protection level of a destination country as adequate, VTT can use, among other mechanisms, the standard contractual clauses for international data transfers as approved by authorities and other additional measures to safeguard data. More information about transfers of personal data can be inquired from the controller. Personal data can be processed for profiling based on the user’s consent for the purposes of targeted marketing, communication and sales activities according to the person’s interests and preferences, especially for direct marketing. No automated decision-making or profiling that would involve significant decision-making or decisions producing legal effects concerning a person is made. See VTT’s Cookie policy for further information. Personal data is retained only as long as it is necessary for the purposes of personal data processing or to comply with the controller’s statutory or contractual obligations. The retention periods take into account, for example, the contractual requirements of funders and other contractual partners, as well as the limitation periods set out in legislation. The following retention periods are indicative, from which deviations are possible if justified, and the controller has the possibility to also shorten the retention period as considered necessary: Once confirmed that the information is no longer necessary, the information is anonymised or deleted, unless there is still a lawful basis for processing. The processing period for personal data can be extended within the limits allowed by the data protection regulation and the applicable legislation, for example for the preparation, presentation and defence of a legal claim. Personal data is protected against unauthorized processing and access by appropriate technical and organisational measures. Security measures are system-specific, but these always include limited access rights, access control and information security measures, such as firewalls. In addition, information is protected by physical access management and other physical security arrangements of the premises. At VTT, only the persons who require access in order to perform their work duties may process the personal data described in this privacy notice, and the persons are committed to confidentiality. Data subjects have the following data protection rights depending on the applicable lawful basis of the processing. The data subject can exercise these rights by contacting the controller in writing, preferably via e-mail, or in other ways as described below. The data subject is advised to send an e-mail from the address he or she assumes that is stored about him or her by VTT. If necessary, VTT can also request additional information or clarification in order to verify identity. Right to withdraw consent If the processing is based on consent, the data subject has the right to withdraw his or her consent to the processing of personal data at any time. Consent can be revoked by informing VTT, preferably via email to: marketingregister@vtt.fi. A person can also manage his or her consents at the subscription page. Right of access The data subject has the right to receive a confirmation if personal data concerning him or her is processed and the right to access the personal data accompanied with the information about processing according to the data protection regulation. Right of rectification The data subject has the right to have inaccurate and incorrect personal data rectified and incomplete information completed without undue delay. Right to deletion The data subject has the right to request controller to delete personal data concerning him or her within the limits of the data protection regulation. The data controller can request deletion of his or her personal data, e.g., in the following circumstances: (i) personal data is no longer necessary for the purposes for which they were collected or otherwise processed; (ii) data subject withdraws consent and there is no other lawful basis; (iii) personal data has been processed unlawfully; (iv) controller needs to delete personal data in order to comply a legal obligation; or (v) data subject restricts processing based on controller’s legitimate interest and the controller does not have other justified reason to continue processing. Right to restrict processing The data subject has the right to request restriction on the processing of personal data in the circumstances detailed in the data protection regulation. The data subject has the right to demand restriction to personal data processing, e.g., in the following circumstances: (i) data subject contests the accuracy of information; (ii) processing is unlawful but data subject opposes deletion of personal data and instead demands restriction of their use; (iii) controller does not require such information for the purposes of processing but the data subject needs them for preparation, presentation or defence of a legal claim; (iv) data subject has already objected to the processing of personal data. Right to data portability The data subject has the right to receive personal data concerning him or her that he or she has provided to the controller, and the right to transfer such data to another controller to the extent the processing is based on consent or a contract, and the processing is carried out automatically. Right to object processing When the processing of personal data is based on the controller’s legitimate interest, the person has the right to object to processing of his or her personal data at any time. Direct marketing: The person may object to the processing of his or her personal data for direct marketing purposes by notifying this objection in writing to VTT, preferably by email to the following address: marketingregister@vtt.fi. Profiling: In case the person wishes not to be profiled, the data subject is advised to see Cookie policy. It is also advised to inform any objection relating to profiling to VTT in writing, preferably by email to the following address: marketingregister@vtt.fi Right to lodge a complaint The data subject has the right to lodge a complaint with a supervisory authority if the data subject considers that his or her rights under the data protection regulation have been violated. The contact details for the Finnish Data Protection Ombudsman: https://tietosuoja.fi/en/contact-information 1. 2. Technical Research Centre of Finland Ltd. (”VTT”), Business ID : 2647375-4 , Tekniikantie 21, 02150 Espoo Address: VTT Technical Research Centre of Finland Ltd., Register Office, P.O. Box 1000, FI-02044 VTT, Finland E-mail: dataprotection@vtt.fi (Data Protection Officer and information security manager and their substitutes) 3. Basic information, such as first name, last name, organisation, title, prefix Contact information, such as e-mail address, phone number, address, city Contractual information, such as the basis of invoicing, invoice amount and due date, invoicing terms; information about sales transactions and meetings Status of consent, where consent is relevant to the processing, including information related to how the consent was collected or recoded, and possible information of objection to processing Additional information relating to the event, such as voluntary information about allergies or dietary requests, as well as other relevant information related to the event (stored only for the duration of organising and managing the event in question) Other information related to the relationship between the person and the controller, such as link to VTT and possible VTT contact, origin of the information, data subject’s areas of interests and content preferences, the subject regarding why the person contacted (free text field), information about marketing communications sent to the person, and information about website usage collected based on consent Other possible additional information, such as language information, log data about processing operations (such as creation and update time, change and processing logs), information about activities concerning the person in accordance with the data protection regulation. 4. Customer and stakeholder relationship management Sales, sales preparation and sales promotion activities (e.g., customer cooperation in sales) Marketing and communication activities, including direct marketing, e.g., Press releases and publications Newsletter communications Webinar participation, arrangements and communication Event invitations Other VTT sales, marketing and advertising activities Organising and managing of events (More information: Privacy notice for VTT’s events management ) Preparation of contracts and contract management and execution Sales ledger, invoicing, debt collection and management of other receivables, and accounting, auditing, taxation and the related activities Export control and sanction list checks, know-your-customer -procedure and other similar activities related to ensuring the lawfulness of transactions Collecting and processing of customer feedback Business development, quality functions, internal forecasting, reporting and monitoring Providing services and project operations Fulfilling the data subject according to the EU General Data Protection Regulation, such as identifying and contacting the data subject for the purposes of managing the consents and objections to processing 5. 6. 7. Sales, marketing and event management platforms (e.g., Salesforce, Hubspot, Lyyti, Eventos) Services such as sales ledger, payment processing, invoicing and debt collection Auditing, accounting and related professional services Delivery and maintenance of electronic archival and sales ledger system Financial service and banking functions Legal services and other expert services 8. 9. Personal data can be processed for profiling based on the user’s consent for the purposes of targeted marketing, communication and sales activities according to the person’s interests and preferences, especially for direct marketing. No automated decision-making or profiling that would involve significant decision-making or decisions producing legal effects concerning a person is made. See VTT’s Cookie policy for further information. 10. As a general rule, the personal data stored in the VTT’s marketing and event management systems is not retained for longer than two (2) years from the most recent activity involving the data subject. The personal data of subscribers to VTT’s publications is processed as long as the person has an active subscription with VTT. For other communication purposes, information can be processed for a longer period but always only for the time required for the processing purpose. The personal data of customer contact persons and other contacts is generally stored in the customer management system for five (5) years from the last activity involving the data subject. Information related to customer service and customer contacts as well as business development, internal forecasting, reporting and monitoring is generally stored for at least ten (10) years from the last activity involving the data subject or the organisation that he or she represents. Information related to the sales ledger, invoicing, collection of debts and other receivables, accounting, auditins and taxation is retained for at least fifteen (15) years from the last activity involving the data subject or the organisation that he or she represents. Such an activity can be, for example, a project, whereby the retention period is determined from the end time of the project. Information related to contract preparation and contract management and execution is processed at least for twenty (20) years from the termination of the contract and from the last activity involving the data subject or the organisation that he or she represents. 11. 12. Rights of the data subject If the processing is based on consent, the data subject has the right to withdraw his or her consent to the processing of personal data at any time. Consent can be revoked by informing VTT, preferably via email to: marketingregister@vtt.fi . A person can also manage his or her consents at the subscription page . The data subject has the right to demand restriction to personal data processing, e.g., in the following circumstances: (i) data subject contests the accuracy of information; (ii) processing is unlawful but data subject opposes deletion of personal data and instead demands restriction of their use; (iii) controller does not require such information for the purposes of processing but the data subject needs them for preparation, presentation or defence of a legal claim; (iv) data subject has already objected to the processing of personal data. Direct marketing: The person may object to the processing of his or her personal data for direct marketing purposes by notifying this objection in writing to VTT, preferably by email to the following address: Profiling: In case the wishes not to be profiled, the data subject is advised to see Cookie policy . It is also advised to inform any objection relating to profiling to VTT in writing, preferably by email to the following address: The data subject has the right to lodge a complaint with a supervisory authority if the data subject considers that his or her rights under the data protection regulation have been violated. The contact details for the Finnish Data Protection Ombudsman: https://tietosuoja.fi/en/contact-information"
https://www.vttresearch.com/en/about-us/invest-innovation/vtt-launchpad/granarium-technologies,10/23/2023 16:25,"Granarium Technologies What we are looking for Meet our team Subscribe to the latest news Funding Companies to collaborate with Granarium will transform the way electricity is stored. We use nanocellulose to build 100% renewable electricity storage. New sustainable solutions for electricity storage are needed quickly to cover the increasing demand and transition to renewable electricity sources. We use nanocellulose to build 100% renewable electricity storage. Our mission is sustainable and safe solutions where instant high peak power is needed. Our solution is an electricity storage built from 100% renewable materials, which has the best properties of a supercapacitor combined with the nanocellulose. The use of high consistent nanocellulose as a building block for electrical storage is a unique innovation. It can bind active materials, such as nanostructured activated carbon to store energy. These power sources are also two- or three-dimensional, that makes them easy to integrate into different types of products or even act as a structural element of the product. Our solution is an electricity storage built from 100% renewable materials, which has the best properties of a supercapacitor combined with the nanocellulose. In other words, we approach the storing of electricity and the manufacturing from a completely new angle. Our solution is safe, scalable and inexpensive to manufacture. The technology has been preliminarily proven to work. The availability of raw materials is sustainable basis and our solution has extensive IPR protection. Goal of the Research to Business (R2B) -project is to create a functional larger scale demonstrator during the project, which is a kW-scale UPS device. At the same time, we optimize material and production methods and ensure spinoff readiness. First commercial applications are targeted to stabilize voltage fluctuations and provide backup power during supply fails of windmills, solar power plants and other industry fields. The science-based incubator VTT LaunchPad delivers VTT’s strategy to renew industries and society by spinning off companies built on VTT’s technologies. In the incubator, we bring VTT researchers and IPR together with the best business minds and investors out there. launchpad@vtt.fi Read more about Launchpad Funding, especially investors with an understanding and contact networks of the electricity storage industry / market segment and being involved at the early stages of the development to help to realize the full potential of the solution Companies to collaborate with in material and process development and in piloting 20 years of experience of finding and developing new high value uses for cellulose, working with novel cellulose-based materials and upscaling of materials production methods. 20 years of experience from range of successful product launches, user experience and innovation projects within Nokia and Microsoft as well as a startup journey as a founder and CEO. Sign up to our newsletter to receive the latest research results, technology opportunities and upcoming events. VTT is a visionary research, development and innovation partner and one of the leading research organisations in Europe. Our more than 2,000 professionals work to develop systemic and technological solutions that can bring about fundamental transformation. We promise to always think beyond the obvious. © VTT Technical Research Centre of Finland Ltd. 2023. All rights reserved. Personalisation, advertising tools, and third party cookies We use different statistics, tracking, advertising and personalisation tools and technologies. When browsing vttresearch.com these tools can use anonymous identifiers, cookies, behavior data and other technologies. Some tools are used for statistics, performance monitoring and website development purposes and do not store users private information. You can still manage these tools and cookies from site tracking settings. You can read more about these tools and how we use them in Privacy Policy. By clicking Accept. you consent to the processing of data by us and possible third parties using the above methods. You can always change your tracker preferences by visiting our Privacy Policy. Switch language, current language: English EN Open a VTT clock Close mobile menu VTT LaunchPad spin-off incubator team Share Contact me: Page title First name * Last name Email Address I have read and agree to the VTT Marketing Data Protection Policy *"
https://elum-energy.com/protection-des-donnees/,10/23/2023 16:25,"We know that careful treatment of your personal data is very important to you. ELUM, too, places the utmost importance on protecting personal data. Personal data means any information concerning the personal or material circumstances of an identified or identifiable individual. Examples of personal data include e-mail addresses, names and postal addresses. ELUM may use personal data for internal purposes, e.g., for data analysis, research, or to improve its products. The personal data collected by Elum is handled with the utmost care. We use and process your personal data solely within the limits of the statutory provisions on data protection and data security applicable in France. Below, you will find information on which data is recorded when you visit our home page and how this is used: Person(s) responsible: Elum SAS Data Protection Officer 9 Rue D’Enghien 75010 Paris France We collect, save, process and use your details so that we may correctly address and send the ELUM Newsletter, current information about ELUM services and products that may be of interest to you, and to provide you with personal and individual support within the scope of customer relations. We assure you that your data will not be passed on to third parties for commercial purposes. For us, it is a matter of course that we safeguard your privacy under all circumstances and we collect, save, process and use the data in accordance with the respective regulations on the protection of personal data. In some cases, ELUM processes the data using external service providers, who exclusively save, process and use the data on our behalf for the purposes outlined above. Please note that web-based data transmission is subject to security gaps, and therefore full protection from third-party access cannot be guaranteed. COOKIES Our site uses cookies to track visitor preferences and optimally enhance the design of our website. Cookies are small files stored temporarily on your hard drive. This simplifies navigation and makes a website much more user friendly. Cookies also help us identify very popular areas of our website. This allows us to tailor the content of our website precisely to your needs, thereby improving our offers for you. These cookies allow for the identification of computers, but not personal identities. Of course, you can view our website without cookies as well. Most browsers accept cookies automatically. You can prevent the storage of cookies on your computer by checking “do not accept cookies” under your browser settings. For details, please see the instructions from your browser provider. You can also delete cookies in your browser at any time. If you do not accept cookies, this may limit the functionality of our site. SERVER DATA For technical reasons, the following data among other things that is sent to us from your internet browser or our web space provider (known as server log files) is collected: o Browser type and version o Operating system used o Website that routed you to us (referrer URL) o Website you are visiting o Date and time of your access o Your IP address This anonymous data is stored separately from any personal data you provide and does not give any information about anyone’s personal identity. NEWSLETTER You can subscribe to newsletters on our site. We need your e-mail address for this purpose. Before we send you the newsletter, you must complete the “double opt-in” to expressly confirm that we should activate the newsletter service for you. You will then receive a confirmation and authorization e-mail from us asking you to click the links in this e-mail, thereby confirming that you wish to receive our newsletter. When you register for our newsletter, we will save your IP address and the date and time of your registration, because we are required by law to document your consent. You can unsubscribe from the newsletter at any time. To do so, follow the link in the confirmation e-mail or in any newsletter that you receive from us. We will not share your e-mail with third parties. HOW TO CONTACT US If you contact us using our contact forms, we will store and use the information you provide for purposes of handling your request. Your data will not be shared with third parties or compared with other data sources. USE OF GOOGLE ANALYTICS WITH ANONYMIZATION FUNCTION This website uses Google Analytics, a web service analysis tool from Google Inc. (“Google“). Google Analytics uses “cookies,” which are text files saved on your computer to help the website analyze how users use the site. The information generated by the cookie about your use of the website will generally be transmitted to and saved by Google in the United States. On our website, we use Google Analytics along with “_gat.anonymizeIp”. In this case, your IP address will be abbreviated and therefore made anonymous by Google within the member states of the European Union or in other countries that are members of the European Economic Area agreement. Only in exceptional cases will the full IP address be sent to a Google server in the U.S. and abbreviated there. On behalf of the operator of this website, Google will use the information to evaluate your use of the website, to collect reports on the website activities, and to perform other services related to the website use and internet use for the website operator. The IP address sent by your browser for Google Analytics will not be combined with other data of Google. You can prevent cookies from being stored on your computer by using the relevant setting in your browser software. However, please note that in this case you may not be able to use all functions of this website. You can also prevent the collection of the data generated by the cookie and your use of the website (including your IP address) to Google and the processing of this data by Google by opening the following link (https://tools.google.com/dlpage/gaoptout?hl=en) and downloading and installing the browser plug-in. You can find additional information about the terms of use and data protection at http://www.google.com/analytics/terms/en.html or at https://www.google.de/intl/en/policies/. Please note that on this website, Google Analytics was expanded to include the code “anonymizeIp“ to ensure anonymous collection of IP addresses (known as IP masking). USE OF YOUTUBE COMPONENTS WITH EXPANDED DATA PROTECTION MODE Our website uses components (videos) from YouTube, LLC 901 Cherry Ave., 94066 San Bruno, CA, USA, a Google Inc. company, Amphitheatre Parkway, Mountain View, CA 94043, USA. The videos are integrated into expanded data protection mode. However, like most websites, YouTube uses cookies to gather information about the visitors to its website. YouTube uses this information among other things to collect video statistics, prevent fraud and improve user-friendliness. This also involves a connection to the Google DoubleClick network. When you start the video, this may trigger other data processing steps. This is outside our influence. For more information about data privacy at YouTube, see their data privacy statement at: https://www.google.de/intl/en/policies/privacy/ USE OF GOOGLE REMARKETING On our website, we use the Google Remarketing service by Google Inc., 1600 Amphitheatre Parkway, Mountain View, CA 94043 USA, hereinafter “Google.” Using this function, the provider can strategically market to users of the website by showing personalized banner ads tailored to the visitors’ interest once they visit other websites in the Google Display network. To analyze the website use, which is the basis for creating banner ads of interest to the visitors, Google uses cookies. For this purpose, Google saves a small file with a sequence of numbers in the browsers of visitors to the website. This number collects the visits to the website and anonymous data about the use of the website. No personal data from visitors to the website is saved. If you then visit another website in the Google Display network, you are very likely to see banner ads that relate to previously viewed products and information. You can permanently disable the use of cookies by Google by opening the following link, and downloading and installing the plug-in: www.google.com/settings/ads/plugin. Alternatively, you can disable the use of cookies by third-party providers by opening the deactivation page of the Network Advertising Initiative at www.networkadvertising.org/choices/ and following the instructions for opting out. For more information about Google Remarketing and Google’s data privacy agreement, please see: www.google.com/privacy/ads/. USE OF GOOGLE-ADWORDS We use the online advertising program “Google AdWords” and conversion tracking as part of Google AdWords. Google Conversion Tracking is an analytical service by Google Inc. (1600 Amphitheatre Parkway, Mountain View, CA 94043, USA; „Google“). Once you click on a Google ad, a cookie for conversion tracking is stored on your computer. The cookies expire after 30 days, do not contain personal data and therefore cannot be used to identify you. If you visit certain pages of our website and the cookie has not yet expired, Google and we can determine that you have clicked on the ad and were re-directed to this page. Every Google AdWords customer receives a different cookie. Thus, there is no way to track cookies via the websites of AdWords customers. The information obtained by the conversion cookie is used to generate conversion statistics for AdWords customers who have chosen conversion tracking. This provides the customers with the total number of users who clicked on their ad and were re-directed to their page with a conversion tracking tag. However, they do not receive information that can personally identify users. If you do not wish to participate in tracking, you can opt out of this use by activating the relevant setting in your browser software (deactivation option). You will not be included in the conversion tracking statistics. For more information and the Google data privacy agreement, go to: www.google.com/policies/technologies/ads/ , www.google.de/policies/privacy/. USE OF FACEBOOK REMARKETING To inform potential users of our website, we use the advertising network “Facebook Advertising” and conversion tracking, an analytical service by Facebook (Facebook Inc., 1601 S. California Ave, Palo Alto, CA 94304, USA). For this purpose, Facebook places a cookie on your browser (“conversion cookie”) if you were re-routed from a Facebook ad to our website. The cookie expires after 30 days. If you visit certain pages of ours within this time period, Facebook and we can see that you clicked on the ad. Information obtained with the conversion cookies helps create conversion statistics. We receive information about the total number of users who clicked on the ad and were re-routed to a website that was part of the conversion tracking advertising network. We cannot personally identify you. If you do not wish to take part in tracking, you can refuse cookies in your browser setting that allows you to deactivate cookies in general. For more information about the collection and use of your data by Facebook and on your rights and privacy options in this regard, please see the data privacy information of Facebook under www.facebook.com/about/privacy/. Alternatively, you can deactivate the remarketing function “Custom Audiences” at https://www.facebook.com/settings/?tab=ads#_=_ . You must be logged on to Facebook to do so. USE OF HUBSPOT SERVICES Our website uses Hubspot Services, an analytical tool company, inc., located at 25 First Street, 2nd Floor Cambridge, MA 02141, U.S. When you visit our website, Hubspot records your click path and uses it to create a personalized usage profile. In the case of existing customers, this is merged with the information already available to ELUM. Cookies are used for this purpose to allow your browser to be identified. When you use our website for the first time and give your consent to the use of cookies by acknowledging the cookie acceptance banner or by continuing to use our website, you also declare your consent to Hubspot’s use of the cookies. Hubspot Services will set no more than three cookies. These are text files that are saved on your computer and allow for analysis of the use of the website. The cookies set are a visitor cookie, an opt-in cookie and a Hubspot app session cookie. The visitor cookie generates an ID number used to recognize the website visitor’s web browser. The ID number is a generated numerical code that has no significance outside Hubspot Services. The opt-in cookie ensures that those visitors who have chosen “do not track” in their browser settings do not get a visitor cookie. The Hubspot app session cookie is not set unless a customer logs onto the Hubspot app as a user. All cookies contain only the numerical code generated. No personal data is collected. You can disable tracking by Hubspot and the creation of usage profiles at any time by configuring your web browser not to accept cookies from the domain Hubspot.com. However, this may lead to some functions being restricted and to our service being less user-friendly. We have ensured compliance with the EU Data Protection Directive contractually with hubspot, inc. INFORMATION / WITHDRAWAL / DELETION Upon request, we will be happy to share with you the personal data we have stored about you. You have the right at all times to withdraw your consent to storage and use of your data with future effect. Please address questions about data protection at ELUM, or about the storing, processing and deletion of your personal data, to: ELUM SAS Data Protection Officer 9 Rue D’Enghien 75010 Paris France Email: dataprotection@elum-energy.com Paris, May 2018 ELUM SAS © 2018 Elum | Version: 1.0"
https://elum-energy.com/2022/11/07/4-raisons-surveiller-votre-production-denergie/,10/23/2023 16:25,"1. Augmentation du contrôle et des connaissances 2. Améliorer le rapport coût-efficacité 3. Faciliter la maintenance, augmenter la fiabilité 4. Soutenir les objectifs de la RSE Related Posts a - Réduire les coûts opérationnels b - Calculer le ROI de l'installation Soufiane Elbaz Les systèmes de suivi de production solaire permettent aux utilisateurs d’avoir une vision globale de leurs installations solaires : suivi des performances, de la tension, de la température, de la production d’énergie, des défauts, Cependant, de nombreuses entreprises ne voient pas tout le bénéfice qu’elles peuvent tirer de la surveillance de leur installation solaire. Elles renoncent ainsi aux importantes opportunités financières et opérationnelles associées aux systèmes de surveillance. Découvrez dans cet article les 4 principaux avantages des systèmes de surveillance pour vos installations solaires. Avant la collecte et le suivi des données du site équipé, les entreprises ignorent souvent les performances de leurs installations. Dans de nombreux cas, une diminution de l’efficacité des équipements passe inaperçue, car elle ne fait pas l’objet d’un suivi continu. Un système de surveillance apporte de la transparence sur l’efficacité des installations solaires. Les données collectées sont transformées en indicateurs clés de performance avancés et sont ensuite affichées sur des tableaux de bord dynamiques, utiles pour de multiples acteurs: les équipes d’exploitation et de maintenance, les gestionnaires d’actifs, les propriétaires de bâtiments, etc. Ils facilitent la création de rapports et permettent de prendre des mesures correctives afin de maximiser la production d’énergie. Après avoir été analysées, les données récoltées fournissent un rapport précis de la production d’énergie et de l’infrastructure solaire globale. A partir de ces informations, il est possible de quantifier quelles économies pourront être effectuées et d’avoir un aperçu de l’impact financier de l’installation. En priorisant l’utilisation de sources renouvelables et en maximisant la pénétration solaire, l’achat d’énergie auprès du réseau ou de combustibles fossiles peut être réduit, ce qui entraîne une diminution générale des coûts opérationnels. Des indicateurs clés de performance pertinents, tels que le ratio de performance, permettent également aux opérateurs de comparer la production d’énergie réelle à la production idéale. Dans le cas d’une installation solaire combinée à du diesel, la surveillance d’un site multi-énergie vous aidera à suivre l’utilisation d’un générateur diesel et à anticiper sur la maintenance du système. Les propriétaires de bâtiments peuvent facilement évaluer le retour sur investissement de leurs installations solaires en calculant les émissions de carbone évitées et les économies opérationnelles générées. Une solution de surveillance typique comme ePowerMonitor d’Elum Energy affiche le diagnostic du site en détectant les défaillances des équipements. Une configuration facile des alarmes déclenche un envoi de notifications personnalisées par email, alertant ainsi l’opérateur de toute dérive anormale de la production, ce qui permet de réduire le temps de résolution. La solution est capable d’afficher également l’alarme du matériel qui est affiché localement sur un seul et même tableau de bord. L’augmentation de la pénétration de l’énergie solaire réduira la consommation de combustibles ou d’électricité provenant du réseau, ainsi que les émissions de gaz à effet de serre et la pollution. Le suivi de l’effort consacré à la réduction de l’empreinte carbone peut aider les organisations à atteindre leurs objectifs RSE et à se conformer aux objectifs gouvernementaux. En suivant leur empreinte carbone et en réduisant les émissions de CO2, les entreprises seront capables de justifier leur participation à la lutte contre le réchauffement climatique et en seront fortement légitimées. Elles participent également à réduire la dépendance du pays à l’égard des sources étrangères. L’écologisation d’une entreprise est un moyen fantastique de donner une image positive de l’organisation. Suivez nous sur Linkedin Les propriétaires de bâtiments peuvent facilement évaluer le retour sur investissement de leurs installations solaires en calculant les émissions de carbone évitées et les économies opérationnelles générées. Suivez nous sur Linkedin"
https://elum-energy.com/2020/10/02/limitation-dinjection/,10/23/2023 16:25,"Zéro export : Pourquoi est-ce nécessaire ?​ Solutions existantes pour gérer le zero feed in​ Abdelaziz Benabderrazik L’utilisation de l’énergie solaire en autoconsommation présente de nombreux avantages comme ; la diminution de l’empreinte carbone d’un site, la réduction des coûts énergétiques ou encore la possibilité de revendre cette énergie au réseau national quand la réglementation locale le permet. En effet, les panneaux étant directement reliés, via les onduleurs, au réseau, l’énergie produite est transmise au site pour autoconsommation, ou bien est reconduite vers le réseau. Seulement, dans certains pays le gestionnaire de réseau local ne permet pas d’injecter ce surplus d’énergie. On parle alors de zéro export ou de limitation d’injection. La limitation d’injection consiste à contrôler la quantité d’électricité produite par une installation photovoltaïque injectée dans le réseau. Limiter l’injection de puissance active peut s’avérer nécessaire pour soulager le réseau et réduire les coûts de renforcement que cela impliquerait. Le zéro export représente l’impossibilité d’injecter une puissance électrique dans le réseau, peu importe la quantité. Que faire lorsque votre site présente un excès de production d’énergie ? Comment gérer efficacement et facilement différentes quantités d’énergies émanant de sources de productions diverses ? Afin de garantir la stabilité du réseau, le gestionnaire du réseau peut exiger des limitations d’injection sur le réseau. Cette disposition permet d’éviter un surplus d’injection notamment les week-ends et jours fériés dans le cas des bâtiments industriels où la demande d’électricité est moindre. Dans certains pays, l’injection d’électricité est simplement interdite, c’est le zéro export. En effet, dans le cadre du respect des lois et pour veiller à la fourniture d’un réseau électrique fiable au client final, certains pays interdisent totalement la limitation d’injection afin d’éviter une pollution du réseau à travers une génération d’harmonique “indésirables”. Cela permet de conserver un réseau de bonne qualité. Prenons le cas du Maroc ; l’ouverture du réseau électrique à la basse tension relative à l’autoproduction repose sur la capacité du principal fournisseur (ONEE) à trouver des solutions de compensation des pertes relatives à celle-ci. Cela présente un manque à gagner réel pour ce dernier et pour les douzes autres distributeurs présents dans le pays comme Lydec, Redal. La loi 13-19 interdit à l’auto-producteur de reverser l’énergie produite au réseau, en imposant des conditions aux systèmes PV, tel que la mise en place d’un système de Zéro feed-in lors de leur branchement au réseau. Concrètement le Zéro export implique : Contrôler la production électrique d’un site en prenant compte des variations climatiques, et de consommations tout en s’assurant que le courant ne soit pas injecté dans le réseau s’avère être un réel défi. Heureusement, il existe des solutions pour vous faciliter la gestion énergétique de votre site. Avant d’installer du PV, vous pouvez veiller à ce que la taille de votre installation corresponde au mieux aux consommations du bâtiment, le but n’étant pas de revendre de l’énergie au réseau mais d’optimiser votre taux d’autoconsommation. Il existe également des contrôleurs qui sont des systèmes de management de l’énergie vous permettant de gérer votre facilement et de façon fiable. Le ePowerControl ZE de Elum Energy possède un large éventail de compatibilités avec les onduleurs disponibles sur le marché. ePowerControl ZE vous permet de : Pour en savoir plus sur le contrôleur ePowerControl ZE, cliquez ici ! <img src=""data:image/svg+xml;utf8,%3Csvg width='21' height='15' xmlns='http://www.w3.org/2000/svg' xmlns:xlink='http://www.w3.org/1999/xlink'%3E%3Cdefs%3E%3ClinearGradient x1='50%' y1='0%' x2='50%' y2='100%' id='a'%3E%3Cstop stop-color='%23FFF' offset='0%'/%3E%3Cstop stop-color='%23F0F0F0' offset='100%'/%3E%3C/linearGradient%3E%3ClinearGradient x1='50%' y1='0%' x2='50%' y2='100%' id='b'%3E%3Cstop stop-color='%2305AB41' offset='0%'/%3E%3Cstop stop-color='%23019C39' offset='100%'/%3E%3C/linearGradient%3E%3ClinearGradient x1='50%' y1='0%' x2='50%' y2='100%' id='d'%3E%3Cstop stop-color='%23053087' offset='0%'/%3E%3Cstop stop-color='%23012877' offset='100%'/%3E%3C/linearGradient%3E%3Ccircle id='c' cx='3.5' cy='3.5' r='3.5'/%3E%3C/defs%3E%3Cg fill='none' fill-rule='evenodd'%3E%3Cpath fill='url(%23a)' d='M0 0h21v15H0z'/%3E%3Cpath fill='url(%23b)' d='M0 0h21v15H0z'/%3E%3Cpath d='M2.422 7.773c-.233-.15-.228-.398 0-.546l7.656-4.954a.85.85 0 01.844 0l7.656 4.954c.233.15.228.398 0 .546l-7.656 4.954a.85.85 0 01-.844 0L2.422 7.773z' fill='%23FDD216'/%3E%3Cg transform='translate(7 4)'%3E%3Cmask id='e' fill='%23fff'%3E%3Cuse xlink:href='%23c'/%3E%3C/mask%3E%3Cuse fill='url(%23d)' xlink:href='%23c'/%3E%3Cpath d='M-.1 2.974c.265-.215 1.463-.04 3.534.512 1.474.394 3.173 1.262 3.562 1.742l.314.388.778-.629-.315-.388c-.55-.68-2.421-1.636-4.081-2.079-2.586-.69-3.758-.86-4.422-.323l-.388.314.629.777.389-.314z' fill='%23FFF' fill-rule='nonzero' mask='url(%23e)'/%3E%3C/g%3E%3C/g%3E%3C/svg%3E"" alt=""Português"" /> cliquez ici"
https://elum-energy.com/en/epowercontrol-hfs-2/,10/23/2023 16:25,"Easily integrate a solar system into a diesel power plant Main features Downloads ePowerControl HFS datasheet Connection & configuration guide ePowerControl User Manual Local parameter edition Extended compatibility Multiple genset minimum loading Commissioning Configuration interface Hybrid fuel saver controller Elum Hybrid Fuel Saver (HFS) is a power controller dedicated to solar & diesel hybrid power plants. It allows the integration of a high solar penetration rate on diesel installations in order to reduce their fuel consumption. Connected to PV inverters and generator controllers, it manages the overall power distribution of the system. Thus, it allows to maintain maximum operational safety and power reliability without the need for storage capacity. It was designed to facilitate the deployment of hybrid power plants in isolated areas and to provide flexibility of adaptability to future changes in plant configuration. Collection of all data and alarms from meters, inverters, gensets & weather station integration One interface to edit all site equipment parameters (setpoints) and operating modes Main equipment protocols supported through Modbus RTU/TCP. *See compatibility list for other protocols Curtailment of solar inverters power to prevent each plant genset from running at low load.(direct genset controller connection or AC meters) Remote assistance from qualified Elum engineer to support local commissioning team User-friendly configuration interface via a local web browser (ethernet connection) for stand-alone connectivity and equipment configuration R Download"
https://elum-energy.com/2021/04/15/pv-storage-3-mwp-comores/,10/23/2023 16:25,"Comores Elum energy fournit ePowerControl PPC à une centrale solaire aux Comores Cette centrale solaire/BESS, la première aux Comores, est capable de fonctionner en réseau, connectée aux groupes électrogènes de l’île des Comores. En fonction du groupe électrogène en fonctionnement, l’électricité sera injectée sur le réseau principal de l’île ou sur une petite partie du réseau. La centrale peut également fonctionner en mode de formation de réseau, complètement isolée du réseau, ou connectée au réseau local. ePowerControl PPC gère la synchronisation des BESS et les transitions entre les différents modes de fonctionnement. A propos d’InnoVent InnoVent est une société indépendante qui installe et exploite des parcs éoliens et solaires en France et en Afrique. InnoVent PV – 3 MWp BESS – 1 MW / 2 MWh Genset plant – 6 x 2 MVa"
https://elum-energy.com/2020/10/05/pv-diesel-360-kwp-afrique-du-sud/,10/23/2023 16:25,"Elum energy fournit ePowerControl SD à un centre commercial Centre commercial Le délestage devient la norme en Afrique du Sud et de nombreux bâtiments C&I sont maintenant équipés de groupes électrogènes de secours sur site. L’ePowerControl SD permet une intégration solaire sûre et autonome avec 1 groupe électrogène. Le système de contrôle intégré et un onduleur dédiée, assurent une production photovoltaïque optimale tout en garantissant que le groupe électrogène fonctionne en permanence à la charge minimale pendant cette période A propos d’Accrescent Engineer Emergent Solar est l’une des principales entreprises de développement solaire de l’Indiana. Elle est réputée pour son intégrité et son engagement en faveur de l’excellence. A propos d’ Accrescent Engineer Solaire 360 kWp Gensets 559 kVA"
https://elum-energy.com/2021/02/08/pv-diesel-450-kwp-ile-de-la-reunion/,10/23/2023 16:25,"Ile de la Réunion Elum energy fournit ePowerControl PPC à l'aéroport Roland Garros Type de Projet Localisation Client Centrale solaire hybride Dans le cadre de ce projet, le contrôleur d’Elum gère à la fois l’intégration de la centrale solaire au réseau HT (conformité avec le code du réseau) et protège le fonctionnement des générateurs de secours en cas de panne du réseau. En mode connecté au réseau, Elum ePowerControl PPC, assure le contrôle de l’injection et applique les consignes d’EDF SEI au travers du DEIE, à savoir les demandes de couplage / découplage basées sur l’état de stabilité du réseau. A propos de Sunzil Sunzil construit et exploite des centrales solaires à destination des professionnels, des collectivités et des particuliers, dans des environnements exigeants. Leurs réalisations vont des centrales solaires de plusieurs dizaines de milliers de m² aux installations pour les particuliers. Elles peuvent être connectées au réseau électrique ou alimenter directement en énergie le bâtiment qui les accueille. Puissance Sunzil PV – 450 kWp"
https://elum-energy.com/epowermonitor/,10/23/2023 16:25,"Réduisez vos coûts d'exploitation énergétiques Programmez une démonstration Manuel d'utilisation ePowerMonitor Surveillance du site Aperçu de portefeuille Analyse du site Tableaux de bord personnalisés Détection des anomalies Gestion de portefeuille ePowerMonitor est une plateforme cloud conçue pour suivre et améliorer la performance des sites énergétiques. Avec des modules dédiés pour chaque application, la plateforme permet de suivre l’efficacité énergétique des bâtiments industriels, d’analyser la performance énergétique d’un réseau de sites télécom ou la supervision de centrales électriques renouvelables. Exploitez l’intelligence des données de vos actifs énergétiques à l’aide de nos puissantes solutions de cloud computing. Visualisation intuitive des données en direct grâce à des graphiques et des indicateurs de performance (KPI) par équipement Menu de visualisation des sites et de leur statut Données historiques agrégées pour identifier les tendances/comportements et calcul des KPI Données et analyses spécifiques, adaptées à vos besoins (version professionnelle) Configuration et gestion d’alarmes pour détecter à distance les défaillances des équipements et recevoir une notification automatique Un tableau de bord du portefeuille avec des données agrégées pour des rapports et des analyses de haut niveau"
https://elum-energy.com/reference/,10/23/2023 16:25,Centrale Solaire – 2 MWp – Madagascar PV Storage – 100 kWp – France PV Storage – 100 kWp – Pakistan PV Storage – 76 kWp – Bahamas Sous-comptage –27 points – Maroc PV Diesel – 500 kWp – Gambie PV Diesel – 100 kWp – Liban Sous-comptage – 15 points – Maroc PV Diesel – 990 kWp – Afrique du sud PV Diesel – 500 kWp – Pérou Découvrez nos références dans plus de 50 pays
https://elum-energy.com/a-propos/,10/23/2023 16:25,"Elum Energy Elum Energy recrute ! Où nous trouver Elum Energy est une entreprise d’énergie et d’automatisation qui fournit des solutions de surveillance et de contrôle économiques pour les systèmes d’énergie hybride. Ces solutions peuvent s’adapter à un large spectre d’utilisation. Elum Energy fournit des systèmes de gestion de l’énergie (ePowerControl) et une plateforme SCADA (ePowerMonitor) pour l’énergie solaire, le stockage et d’autres ressources distribuées. Les solutions sont adaptées aux installations de production d’énergie solaire couplées à des groupes électrogènes diesel et/ou au stockage de l’énergie. Les centrales électriques ont une capacité de 10 KW à 20 MW et sont généralement installées sur des bâtiments commerciaux et industriels dont la disponibilité en réseau est faible, ou qui alimentent une ville et/ou une île isolée hors réseau. Présents à Paris, Casablanca, Le Cap, São Paulo, Mumbai, Mexico, Dubaï, Islamabad et Madrid, notre solution équipe plus de 100 sites dans plus de 40 pays. +27 6 64 58 09 68 Visitez notre page carrières"
https://elum-energy.com/en/applications-2/,10/23/2023 16:25,"Addition of a storage system for microgrids Addition of a storage system for Utility Power Plants Energy sub-metering of industrial sites Grid-connected solar self-consumption Solar charging station for electric vehicles (EV) Addition of solar capacity to a poor grid or off-grid site Grid-Tied Utility-Scale Power Plant SCADA - On site Control & Analysis DNP3 - Compliant power management Solar Hybrid Microgrid Power Plants Rooftop Solar Products Company About Career Reference Data protection Terms and Conditions Contact us Resources Career Reference About us Contactez nous <img src=""data:image/svg+xml;utf8,%3Csvg width='21' height='15' xmlns='http://www.w3.org/2000/svg'%3E%3Cdefs%3E%3ClinearGradient x1='50%' y1='0%' x2='50%' y2='100%' id='a'%3E%3Cstop stop-color='%23FFF' offset='0%'/%3E%3Cstop stop-color='%23F0F0F0' offset='100%'/%3E%3C/linearGradient%3E%3ClinearGradient x1='50%' y1='0%' x2='50%' y2='100%' id='b'%3E%3Cstop stop-color='%23F44653' offset='0%'/%3E%3Cstop stop-color='%23EE2A39' offset='100%'/%3E%3C/linearGradient%3E%3ClinearGradient x1='50%' y1='0%' x2='50%' y2='100%' id='c'%3E%3Cstop stop-color='%231035BB' offset='0%'/%3E%3Cstop stop-color='%23042396' offset='100%'/%3E%3C/linearGradient%3E%3C/defs%3E%3Cg fill='none' fill-rule='evenodd'%3E%3Cpath fill='url(%23a)' d='M0 0h21v15H0z'/%3E%3Cpath fill='url(%23b)' d='M10 0h11v15H10z'/%3E%3Cpath fill='url(%23c)' d='M0 0h7v15H0z'/%3E%3Cpath fill='url(%23a)' d='M7 0h7v15H7z'/%3E%3C/g%3E%3C/svg%3E"" alt=""Français"" /> Connection Solar Hybrid Microgrid Power Plants Rooftop Solar About Data protection Close Always Enabled"
https://elum-energy.com/ressource/,10/23/2023 16:25,Mine de Phosphate OCP Entreprise d'Import-Export Complexe Hôtelier Clinique Cosma Yabucoa Compatibility List
https://elum-energy.com/epowercontrol-ppc/,10/23/2023 16:25,"ePowerControl PPC Contrôleur adapté aux centrales solaires Contrôleur sur site adapté aux spécifications des centrales Fiche produit ePowerControl PPC Mode d'arrêt du diesel Mise en service sur site Conception de contrôle total Gestion du SOC Elum ePowerControl PPC est un système de contrôle et de surveillance des centrales électriques (SCADA) conçu pour les applications de centrales solaires à grande échelle. Il peut intégrer une centrale solaire avec un système de stockage de batteries (BESS) et plusieurs générateurs diesel. ePowerControl PPC est une solution entièrement personnalisée, adaptée aux besoins spécifiques des projets (algorithmes de contrôle et code réseau). La technologie ePowerControl apporte plus de flexibilité lors des phases de conception et d’ingénierie du projet. Conformité avec le code du réseau électrique du pays tout en maximisant la production d’électricité et les recettes des centrales Arrêt de tous les groupes électrogènes et garantie d’une réserve de rotation par l’ESS L’ingénieur de mise en service d’Elum se rend sur place pour mettre en service les contrôles du site L’expert en contrôle d’Elum conçoit l’architecture de contrôle du site pour assurer la stabilité du système"
https://elum-energy.com/epowercontrol-mc/,10/23/2023 16:25,"ePowerControl MC Contrôleur EMS intelligent & plug-and-play Maximisez la rentabilité de votre centrale hybride Contrôleur EMS intelligent & plug-and-play En tant qu’interface reliant les différents éléments de la centrale hybride, Elum ePowerControl Microgrid Controller (MC) gère la répartition de l’énergie de l’ensemble du système afin de réaliser des économies d’exploitation tout en maintenant un maximum de sécurité opérationnelle et de fiabilité de l’alimentation. ePowerControl MC a été conçu pour faciliter le déploiement de centrales hybrides dans des zones isolées et offrir de la flexibilité lors de changements de configuration futurs de la centrale. Réduction de la production d’électricité des onduleurs solaires pour garantir l’absence d’exportation de la production solaire vers le réseau Arrêt de tous les groupes électrogènes et assure une réserve de rotation par le biais du SSE"
https://elum-energy.com/epowercontrol-es/,10/23/2023 16:25,"Maximisez la rentabilité de votre système de stockage d’énergie solaire. Mode ""Diesel off"" Gestion Start/Stop des générateurs Contrôle intelligent Un contrôlleur simple pour des solutions complexes de stockage d’énergie pour microgrids Elum ePowerControl ES est un contrôleur de stockage d’énergie (système de gestion de l’énergie) dédié aux microgrids équipés de batteries (BESS) éventuellement couplés à d’autres sources d’énergies telles que des panneaux solaires ou des générateurs diesel. ePowerControl ES utilise un algorithme de contrôle innovant pour gérer la stratégie de charge des batteries afin de maximiser la pénétration du PV, la durée de vie du groupe électrogène et des batteries, et de réduire les coûts de carburant. EpowerControl ES est un contrôleur plug-and-play, facile à installer, grâce à eConf, l’interface web de mise en service d’Elum. EpowerControl ES convient aux microgrids îlotés, raccordées au réseau ou aux applications de type mixtes Lorsqu’elles sont connectées à Internet, les données collectées sont transférées à la plateforme ePowerMonitor ou à d’autres plateformes tierces. Lorsque la connexion internet est perdue, les données sont stockées afin de garantir leur intégrité ePowerControl ES ajuste automatiquement la puissance des onduleurs solaires en fonction de la charge des groupes électrogènes afin d’augmenter la pénétration du solaire Il contrôle la puissance active et réactive au point de commun contrôle du couplage pour maximiser la pénétration solaire tout en évitant toute pénalité de la part de l’opérateur du réseau. Il peut aussi assurer une exportation maximale ou une importation minimale en fonction des besoins du client final Elum dispose d’une interface web de configuration simple, qui permet d’effectuer toutes les configurations nécessaires de manière autonome et guidée ePowerControl ES gère le démarrage et l’arrêt automatique du groupe électrogène lorsque le BESS agit comme unité de formation du réseau. Les points de consigne sont directement configurables par l’utilisateur Load-shifting, peak-shaving et gestion du temps d’utilisation par le pilotage direct du système de stockage. Les points de contrôle sont directement configurables par l’utilisateur complexes de stockage d’énergie pour microgrids"
https://elum-energy.com/epowercontrol-ze/,10/23/2023 16:25,"Contrôleur Zero Export dédiée au centrale solaire Fiche produit ePowerControl ZE Limiteur d’injection solaire L’ePowerControl ZE d’Elum est un régulateur à exportation zéro, dédié aux centrales solaires raccordées au réseau pour des applications d’autoconsommation dans des zones géographiques où la gestion de l’alimentation est nécessaire. Le régulateur dispose d’une gamme étendue de compatibilité avec les équipements, de fonctions d’enregistrement de données intégrées et est livré avec une interface de mise en service facile à utiliser et flexible. La solution réduit le temps et les coûts de mise en service et offre davantage d’options de compatibilité pendant les phases de conception et d’ingénierie du projet. Réduction de la production d’électricité des onduleurs solaires pour garantir l’absence d’exportation de la production solaire vers le réseau, en évitant toute pénalité de la part du gestionnaire de réseau national Collecte de toutes les données + alarmes des compteurs, onduleurs, groupes électrogènes, ESS, chargeurs de VE, station météorologique (pyranomètre, capteur de température), compteurs, E/S Les principaux protocoles supportés sont Modbus RTU/TCP SunSpec, Solivia, MQTT, KACO BluePlanet, SNMP, PMU. D’autres peuvent être intégrés sur demande ePowerMonitor ou plateforme tierce via FTP Push, Rest API, MQTT. Exportation de données brutes locales (.csv)"
https://elum-energy.com/epowercontrol-hfs/,10/23/2023 16:25,"Intégrer facilement du solaire à une centrale diesel Charge minimale des groupes électrogènes multiples Elum Hybrid Fuel Saver (HFS) est un contrôleur de puissance dédié aux centrales hybrides solaire & diesel. Il permet l’intégration d’un fort taux de pénétration solaire sur les installations diesel afin de réduire leur consommation de carburant. Connecté aux onduleurs PV et aux contrôleurs de groupes électrogènes, il gère la répartition globale de puissance du système. Ainsi il permet de maintenir un maximum de sécurité opérationnelle et de fiabilité de l’alimentation sans avoir recours à une capacité de stockage Il a été conçu pour faciliter le déploiement de centrales hybrides dans des zones isolées et offrir une grande souplesse d’adaptabilité lors de changements de configuration futurs de la centrale. Collecte et édition de toutes les données et alarmes des compteurs, des onduleurs, des groupes électrogènes et des stations météorologiques. Une interface unique pour éditer tous les paramètres (consignes) et modes de fonctionnement des équipements du site Assistance à distance ou sur site d’un ingénieur qualifié d’Elum pour soutenir l’équipe locale de mise en service Réduction de la puissance des onduleurs solaires pour éviter que chaque groupe électrogène de la centrale ne fonctionne à faible charge"
https://elum-energy.com/epowercontrol-sd/,10/23/2023 16:25,"ePowerControl SD Contrôleur hybride solaire et diesel Contrôleur sur site adapté aux sites hybride solaire/diesel Fiche produit ePowerControl SD Manuel d'utilisation ePowerControl Enregistrement des données Charge minimale pour un seul groupe électrogène Gestion de l'alimentation du réseau Le ePowerControl SD est un contrôleur d’intégration solaire diesel permettant une intégration sûre, simple et facile des centrales solaires avec un groupe électrogène diesel unique. Le contrôleur dispose d’une gamme étendue de compatibilité avec différents équipements, des fonctions de collecte de données intégrées et une interface de mise en service facile à utiliser et flexible. Cette solution réduit le temps et les coûts de mise en service et offre davantage d’options de compatibilité pendant les phases de conception du projet. Collecte et édition de toutes les données et alarmes des compteurs, des onduleurs, des groupes électrogènes et de l’intégration des stations météorologiques. Réduction de la puissance des onduleurs solaires pour éviter que le groupe électrogène ne fonctionne à faible charge (connexion directe du contrôleur du groupe électrogène ou par le biais de compteurs CA) Réduction de la puissance des onduleurs solaires pour garantir l’absence d’exportation de la production solaire vers le réseau Interface de configuration conviviale via un navigateur web local (connexion ethernet) pour une connectivité et une configuration d’équipement autonomes Les principaux protocoles supportés sont Modbus RTU/TCP . D’autres peuvent être intégrés sur demande"
https://elum-energy.com/epowercontrol-dl/,10/23/2023 16:25,"Dispositif universel de collecte et de suivi des données Caractéristiques principales Téléchargements Fiche produit ePowerLog DL Guide de connection & de configuration Manuel d'utilisation ePowerLog Compatibilité étendue Datalogging Interface de configuration Mise en service Edition des paramètres locaux Exportation et visualisation des données Elum ePowerLog DL est un dispositif universel d’enregistrement et de surveillance des données pour les centrales solaires, les sites de télécommunications et les bâtiments industriels. L’ePowerLog DL permet une surveillance simple et fiable en enregistrant toutes les données du site, des équipements d’alimentation principale, des compteurs, des stations météorologiques et des capteurs tiers par le biais des E/S. Du suivi des performances des centrales solaires et de l’état du système d’alimentation des sites de télécommunications au sous-comptage industriel, ePowerLog permet la supervision et le contrôle à distance des équipements grâce à ePowerMonitor et à des plateformes tierces compatibles. Les principaux protocoles supportés sont Modbus, SNMP, OCPP. D’autres peuvent être intégrés sur demande (voir la liste de compatibilité des équipements) Collecte de toutes les données et alarmes des équipements connectés : Compteurs, onduleurs, ESS, contrôleurs de groupes électrogènes, chargeur de VE, stations météorologiques, redresseurs, contrôleurs de groupes électrogènes, MPPT, E/S, sous-compteurs, entrées/sorties Interface de configuration conviviale via un navigateur web local (connexion ethernet) pour une connectivité autonome et la configuration des équipements. Assistance à distance par un ingénieur qualifié d’Elum pour soutenir l’équipe locale de mise en service Interface d’édition des paramètres des équipements du site (points de consigne) Décalage de la charge, réduction des pics et optimisation de l’autoconsommation Les principaux protocoles supportés sont Modbus, SNMP, OCPP. D’autres peuvent être intégrés sur demande (voir la liste de compatibilité des équipements) Compteurs, onduleurs, ESS, contrôleurs de groupes électrogènes, chargeur de VE, stations météorologiques, redresseurs, contrôleurs de groupes électrogènes, MPPT, E/S, sous-compteurs, entrées/sorties Télécharger"
https://elum-energy.com/deie/,10/23/2023 16:25,"DEIE Dispositif d’Echange d’Informations d’Exploitation En tant que gestionnaire du réseau français, Enedis (ex-ERDF) impose l’installation d’un Dispositif d’Échange d’Informations d’Exploitation (DEIE) en France métropolitaine et dans les Zones non interconnectées (ZNI) pour la communication entre le poste de conduite et de surveillance des opérateurs et les centrales solaires à injections. Le DEIE permet l’automatisation de la transmission des informations concernant l’état de fonctionnement de l’installation et du réseau HTA, ainsi que des demandes d’action de découplage sur la centrale. La régulation du tan phi au niveau du Poste de Livraison (PDL) conformément aux spécifications techniques du contrat CARD-I signé entre le producteur et Enedis. Assurez la conformité de votre centrale électrique française en respectant les exigences d’Enedis. Le ePowerControl PPC DEIE d’Elum est un contrôleur de régulation d’injection intégrant les contraintes du code de réseau français pour les centrales solaires en injection réseau. Celle-ci inclut les différents modes : La solution clef-en-main permet de réduire le temps et les coûts de mise en service et offre aux équipes d’ingénierie davantage d’options de compatibilité pendant les phases de conception, d’ingénierie du projet et de mise en service par un accompagnement sur les tests de conformité DEIE ePowerControl PPC pilote la centrale solaire selon les exigences du gestionnaire et du code réseau Français (intégration DEIE, régulation tan Phi selon CARD-I) ePowerControl PPC applique les consignes du gestionnaire réseau / de l’agrégateur et communique l’état de la centrale à chaque instant. Collecte et stockage local sécurisé de toutes les données et alarmes des équipements connectés. Durée de conservation configurable depuis l’interface. L’interface de configuration utilisateur de ePowerControl PPC GI, accessible via n’importe quel navigateur web local (LAN), permet une connectivité autonome des installations et la configuration des équipements lors de la mise en service. ePowerControl PPC GI permet aux agrégateurs de piloter la centrale solaire à distance via l’envoi de consignes d’actif / réactif via Modbus TCP. Exportation des données (durée / granularité configurable) vers plateforme ePowerMonitor ou vers des plates-formes tierces compatibles (FTP push). Exportation des données via clé USB / téléchargement via l’interface locale. ePowerControl PPC DEIE En tant que gestionnaire du réseau français, Enedis (ex-ERDF) impose l’installation d’un Dispositif d’Échange d’Informations d’Exploitation ( ) en France métropolitaine et dans les Zones non interconnectées (ZNI) pour la communication entre le poste de conduite et de surveillance des opérateurs et les centrales solaires à injections."
https://elum-energy.com/scada/,10/23/2023 16:25,"SCADA Contrôle & analyse sur site Les centrales solaires sont confrontées à de nombreux défis que ce soit en terme de maintenance, ou de performances. Les centrales reliées au réseau sont généralement composées de centaines d’appareils tels que des onduleurs, des compteurs et des stations météorologiques qui sont surveillés simultanément et éparpillés sur de larges zones. Ces équipements génèrent une énorme quantité de données qui peut se révéler difficile à traiter lorsqu’il s’agit de prendre rapidement les meilleures décisions pour la gestion de la centrale. Le système SCADA d’Elum Energy vous permettra de mieux comprendre la signification des données reçues en communiquant ces informations rapidement, avec clarté et efficacité. Contactez-nous pour savoir comment nous pouvons vous aider dans vos projets. Elum SCADA (disponible uniquement avec ePowerControl PPC) offre : Le centre SCADA permet de gérer, sur site, l’exploitation technique des centrales photovoltaïques. Il permet la visualisation en temps réel de toutes les valeurs mesurées localement. En cas de panne ou de dysfonctionnement, vous pouvez réagir rapidement et efficacement grâce aux analyses de haute précision, les diagrammes de flux de puissance et le système de gestion des alarmes. Le système dispose d’interfaces pour tous les équipements compatibles Modbus installés sur le site, tels que les onduleurs, les compteurs, les stations météorologiques, les unités de surveillance des chaînes, les relais SEPAM, etc. Dans le centre SCADA, vous pouvez modifier les variables de lecture sur ces appareils et recevoir immédiatement un retour sur l’état du matériel. Synoptique à une seule ligne, affichant les principaux indicateurs clés de performance de la centrale avec la configuration des jeux de barres, l’état des équipements et les alarmes de la centrale. Entièrement autonome, connexion internet non nécessaire. ePowerControl SCADA alerte l’opérateur en cas d’alarme lié à un équipement ou une installation. Le journal des alarmes est affiché et stocké localement. Collecte et stockage local sécurisé de toutes les données + alarmes des équipements connectés sur le site pendant plus de 100 jours. Les données peuvent être collectées via des compteurs, des onduleurs solaires, des stations MV, des contrôleurs de groupes électrogènes, des capteurs deep L (irradiance/température…) et des E/S. L’interface SCADA permet l’édition de points de consigne de registres inscriptibles accessibles depuis l’équipement (puissance active/réactive, modes de régulation…). L’édition de tous les registres Modbus accessibles en écriture de l’équipement peut se faire localement via l’écran tactile. sur site Une surveillance hors ligne en temps réel : SLD synoptique, affichant les principaux KPI de la centrale et l’état des équipements. Alarmes hors ligne : Aperçu des alarmes en direct Visualisation sur écran tactile : (disponible uniquement avec ePowerControl PPC) Le système SCADA d’Elum est accessible via un écran tactile de 15′ situé sur la porte avant de l’armoire du contrôleur. Le centre SCADA permet de gérer, sur site, l’exploitation technique des centrales photovoltaïques. Il permet la visualisation en temps réel de toutes les valeurs mesurées localement. En cas de panne ou de dysfonctionnement, vous pouvez réagir rapidement et efficacement grâce aux analyses de haute précision, les diagrammes de flux de puissance et le système de gestion des alarmes. L’interface SCADA permet l’édition de points de consigne de registres inscriptibles accessibles depuis l’équipement (puissance active/réactive, modes de régulation…). L’édition de tous les registres Modbus accessibles en écriture de l’équipement peut se faire localement via l’écran tactile."
https://elum-energy.com/produits/,10/23/2023 16:25,Nos Produits En savoir plus sur l'utilisation de nos produits ePowerControl ES Supervision‌ ‌à‌ ‌distance‌ ‌des‌ ‌sites‌ ‌télécom‌s Contrôleur pour Microgrids Contrôleur pour système de stockage d'énergie
https://elum-energy.com/systeme-solaire-hors-reseau/,10/23/2023 16:25,"Ajout d’une capacité solaire à un site poor grid ou off-grid Les bâtiments industriels et commerciaux (C&I) situés dans des géographies avec une connexion réseau faible (poor-grid impliquant des coupures de courant régulières) ou inexistante ont besoin d’un approvisionnement fiable d’énergie pour assurer la continuité de leur opérations. Pour cela ils intègrent généralement des générateurs diesel pour leur approvisionnement en électricité que ce soit en complément du réseau (backup) ou en alimentation primaire (prime) Lorsqu’une capacité de production solaire est ajoutée afin de réduire la consommation de carburant sans ajout de batterie de stockage, la puissance de sortie des onduleurs PV doit être contrôlée afin de permettre un fonctionnement optimal avec des groupes électrogènes tout en évitant le reversement de puissance du solaire vers les groupes électrogènes. ePowerControl SD/HFS est un contrôleur connecté aux onduleurs solaires (RS485/TCP) aux générateurs diesel (soit directement au contrôleur du groupe électrogène soit via des compteurs), au réseau et à la charge du site (via des compteurs) qui monitore et contrôle automatiquement la puissance de sortie des onduleurs PV en fonction des profils de consommation et de production en fonction des contraintes des groupes électrogènes. Le contrôleur permet donc une production solaire en mode ilot assurant la sécurité énergétique du site pour des taux de pénétration importants (jusqu’à 60%) à travers la gestion de la charge minimale du groupe électrogène. Le contrôleur SD/HFS est compatible avec l’ensemble des onduleurs communiquant en Modbus sur le marché. ePowerControl SD/HFS assure la gestion de la charge minimale du groupe électrogène par écrêtage de l’onduleur PV Contrôleur pour centrales PV Diesel Contrôleur hybride solaire et diesel"
https://elum-energy.com/borne-de-recharge-de-vehicule-electrique-solaire/,10/23/2023 16:25,"Bornes de recharge solaires pour véhicules électriques solaires pour véhicules électriques Les bâtiments industriels et commerciaux (C&I) souhaitent aujourd’hui bénéficier d’une énergie solaire avec la possibilité d’intégrer des stations de recharge de véhicule électrique dans leurs emplacements de parking. Lorsqu’une capacité de production solaire + borne de recharge est ajoutée, plusieurs enjeux sont essentiels : Un système de monitoring et pilotage est donc essentiel pour réaliser les services liés à la borne. ePowerLog DL et les solutions ePowerControl ZE /PPC sont les solutions de monitoring et de contrôle d’Elum Energy qui se connectent aux onduleurs solaires (RS485/TCP) , au réseau et à la charge du site (via des compteurs) et aux bornes de recharge (TCP/RS485). Ces solutions monitorent et contrôlent automatiquement la puissance de sortie des onduleurs PV en fonction des contraintes de régulation d’injection du pays. Ces solutions sont compatibles avec l’ensemble des onduleurs communiquant en Modbus sur le marché. ePowerControl PPC V2G communique avec une API envoyée par EDF pour contrôler la borne Monitoring Détection d’anomalie à l’échelle d’un portefeuille de borne de recharge en autoconsommation Application de smart charging : contrôle de la vitesse de chargement de la borne en fonction de l’état de charge des batteries V2G : contrôle en charge et décharge de la borne en fonction des consignes reçues"
https://elum-energy.com/autoconsommation-solaire-connecte-reseau/,10/23/2023 16:25,"Autoconsommation solaire connectée réseau Les bâtiments industriels et commerciaux (C&I) situés dans des géographies avec une connexion réseau de bonne qualité souhaitent aujourd’hui bénéficier d’une énergie solaire pour réduire leurs coûts d’approvisionnement énergétique. Lorsqu’une capacité de production solaire est ajoutée, plusieurs enjeux sont essentiels pour le suivi et la maintenance du site : Un système de monitoring et pilotage est donc essentiel pour maximiser le rendement d’une centrale solaire en opération et se conformer aux législations d’injection solaire locales ePowerLog DL et les solutions ePowerControl ZE et ePowerControl PPC DEIE sont les solutions de monitoring et de contrôle d’Elum Energy qui se connectent aux onduleurs solaires (RS485/TCP), au réseau et à la charge du site (via des compteurs). Ces solutions surveillent et contrôlent automatiquement la puissance de sortie des onduleurs PV en fonction des contraintes de régulation d’injection du pays. Ces solutions sont compatibles avec l’ensemble des onduleurs communiquant en Modbus sur le marché. Menu de configuration eConf simple et intuitif permettant la configuration et mise en route du contrôleur en quelques heures Les solutions ePowerControl sont également des dataloggers permettant la remontée de données ePowerControl PPC communique avec le boitier DEIE fourni par EDF pour contrôler les relais ePowerControl ZE assure la limitation d’injection sur le réseau national en cas de surproduction solaire Contrôleur Zéro Export solaire connectée réseau Détection d’anomalie à l’échelle d’un portefeuille de sites en autoconsommation Interdiction d’injection du surplus solaire vers le réseau (régulation présente dans plusieurs géographies) Interfaçage avec boitier DEIE vis à vis d’EDF (France et DOM) ePowerLog DL et les solutions ePowerControl ZE et PPC DEIE sont les solutions de monitoring et de contrôle d’Elum Energy qui se connectent aux onduleurs solaires (RS485/TCP), au réseau et à la charge du site (via des compteurs)."
https://elum-energy.com/sous-comptage-energetique-pour-les-industriels/,10/23/2023 16:25,"Sous-comptage énergétique pour des sites industriels Sous-comptage énergétique pour des sites industriels Pour les bâtiments industriels, la mesure de la consommation de l’énergie est un indicateur à suivre afin de maîtriser les coûts et suivre la productivité. L’enjeu pour un responsable de maintenance industrielle est d’avoir une visibilité détaillée de la consommation d’énergie du site par poste, machine ou ligne de production pour effectuer des actions de maintenance préventive, mesurer la consommation d’énergie avec une faible granularité et anticiper des pénalités (dépassement de puissance ou facteur de puissance bas). L’accès à des données relevées à la main peu fiables conduit à une difficulté à identifier la source d’un problème à l’échelle de la machine et dans le temps. ePowerLog DL usine est un datalogger permettant la remontée des données énergétiques au niveau des postes de transformation (TGBT) primaires et secondaires. Les données concernent les données électriques mais également des compteurs gaz et air comprimé. Cette remontée de données est affichée sur la plateforme de monitoring ePowerMonitor permettant d’afficher les données de production, consommation réseau, consommation des différents équipements qui permettent d’avoir un outil adapté à la ISO 50001 pour la maîtrise de la consommation énergétique mais également de mettre en place des actions d’efficacité énergétique. Remontée des données énergétiques de différentes natures (électricité, gaz, air comprimé) ePowerMonitor permet de se conformer au standard de la maitrise de l’énergie dans le cadre de la mise en place d’une certification ISO 5001 ePowerMonitor permet de réduire la consommation énergétique en détectant des inefficiences de consommation ePowerMonitor fournit un aperçu en temps réel de la consommation énergétique par machine ainsi qu’une gestion des alarmes personnalisée pour des sites industriels"
https://elum-energy.com/application-ajout-dun-systeme-de-stockage-pour-des-utility-power-plants/,10/23/2023 16:25,"stockage pour des Utility Power Plants De nombreuses villes ou des complexes industriels miniers sont isolés du réseau national d’électricité. Ces entités sont généralement alimentées par des centrales thermiques (groupes électrogènes, gaz naturel ou HFO) avec un prix de l’électricité pouvant varier grandement en fonction des cours pétroliers ou de la logistique pour l’acheminement du carburant. Dans le but de réduire leur coût d’approvisionnement énergétique, les fournisseurs d’énergies ou les complexes industriels souhaitent donc ajouter un système solaire+stockage aux centrales thermiques existantes. Ainsi l’ajout d’un ESS permet : Selon les contraintes du client ou du régulateur, les solutions ESS peuvent avoir des fonctions de lissage ou de support réseau, d’où l’utilité d’un contrôleur adapté aux spécifications client. Le contrôleur PPC permet également de définir une réserve tournante pour le groupe électrogène, une gestion de la puissance active réactive ainsi que de fixer les paramètres pour une régulation de fréquence adaptée au grid code local. Le contrôleur permet donc une production solaire en mode grid-connected ou iloté assurant la sécurité énergétique du site pour des taux de pénétration importants (jusqu’à 60%) à travers la gestion de la charge minimale du groupe électrogène. Le contrôleur PPC est compatible avec l’ensemble des onduleurs communiquant en Modbus sur le marché. Compatibilité étendue avec les principaux fournisseurs d’onduleurs sur le marché Le contrôleur PPC permet de s’adapter parfaitement à des demandes spécifiques du client final ePowerControl PPC fournit une gestion de l’injection réseau en fonction de la législation spécifique du pays (limitation d’injection ou net metering, adaptation au grid code local) d’augmenter le taux de pénétration solaire de lisser la courbe de production solaire sur le réseau réguler la tension et la fréquence sur le réseau suivant le grid code local"
https://elum-energy.com/centrale-solaire-connectee-au-reseau/,10/23/2023 16:25,"Centrale solaire connectée au réseau Les centrales solaire photovoltaïque devraient dominer la production décentralisée d’électricité dans les prochaines années grâce à leurs avantageuses économies d’échelle. Les centrales solaires PV à grande échelle offrent l’avantage d’une électricité à prix fixe pendant les pics de consommation, lorsque l’électricité produite à partir de sources d’énergie fossiles est la plus chère. Elles peuvent également être associées à un système de stockage d’énergie pour gérer l’augmentation de la demande d’énergie en soirée, assurer une source d’énergie de secours et renforcer la fiabilité et la résilience du réseau. Les propriétaires de ferme solaires ont besoin de solutions de contrôle avancées pour répondre aux multiples normes de conformité opérationnelle et d’interconnexion dans un environnement particulièrement contraignant. De plus, la taille et la complexité du projet, et le fait que l’électricité soit vendue en gros à des acheteurs de services publics, apportent de nouveaux obstacles qui rendent encore plus important le partenariat avec un expert du secteur. Elum Energy fournit ePowerControl PPC-Grid tied; Une solution personnalisable capable de répondre aux exigences du code du réseau local, aux contraintes techniques de l’IPP et du client final pour l’exploitation et la maintenance du site pendant les 25 ans du contrat PPA. Pour savoir comment ePowerControl PPC peut apporter plus de polyvalence à votre projet, contactez-nous. L’ePowerControl PPC-Grid tied d’Elum est un contrôleur de centrale solaire à grande échelle qui est accompagné d’un système de supervision (ePowerMonitor à distance et/ou ePowerControl SCADA local) conçu pour les centrales solaires à grande échelle. C’est une solution entièrement personnalisée, adaptée aux exigences des services publics de distribution d’électricité et aux contraintes spécifiques des projets. Le PPC-Grid tied d’Elum Energy permet : ePowerControl PPC contrôle la centrale solaire en fonction des exigences de l’exploitant du réseau. ePowerControl PPC applique les instructions du gestionnaire de réseau/de l’agrégateur et communique à tout moment l’état de la centrale. ePowerControl PPC Grid-Tied permet la gestion des demandes de découplage/autorisation de couplage/télémétrie des consignes P/Q. Adaptation aux exigences d’aménagement et de contrôle spécifiques au projet. Conformité avec le code de réseau du pays tout en maximisant la production d’électricité et les revenus de l’usine. Le régulateur ePowerControl PPC réduit la quantité exacte d’énergie solaire afin de maximiser la pénétration du soleil tout en évitant toute pénalité de la part de l’opérateur du réseau. L’interface de configuration utilisateur intégrée d’ePowerControl PPC, accessible via n’importe quel navigateur web local (LAN), permet de configurer la connectivité de la centrale et l’intégration des équipements. Une stratégie de contrôle personnalisée Contrôle de la puissance active/réactive Enregistrement de données (datalogging) Contrôle de la puissance réactive, Q ou PF Contrôle de la puissance apparente Q(V) Contrôle de la tension Contrôle de la fréquence (O/F et U/F) Interopérabilité des systèmes de transport Redondance dynamique Transfert sans interruption, contrôle permanent Maximiser la production et les revenus Fonctionnement continu et connectivité du SCADA"
https://elum-energy.com/ajout-dun-systeme-de-stockage-pour-microgrids/,10/23/2023 16:25,"Situation La solution Elum Eléments clés Ajout d’un système de stockage pour microgrids Les solutions de stockage d’énergie (ESS) sous forme de batteries (Lithium/Plomb) apparaissent comme des solutions compétitives pour plusieurs configurations de micro-réseaux sur le marché : Ainsi les solutions ESS peuvent avoir différents avantages à la fois au niveau économique et sur la stabilité de la fourniture. Les solutions de contrôle permettent donc d’adapter la fonction de ces solutions ESS en fonction du besoin du client final. ePowerControl MC est un contrôleur connecté aux onduleurs solaires (RS485/TCP), aux onduleurs batteries (RS485/TCP) aux générateurs diesel (soit directement au contrôleur du groupe électrogène soit via des compteurs), au réseau et à la charge du site (via des compteurs) qui monitore et contrôle automatiquement la puissance de sortie des onduleurs PV et batterie en fonction des profils de consommation et de production en fonction des contraintes des groupes électrogènes. Le contrôleur permet donc une production solaire en mode connecté réseau ou iloté assurant la sécurité énergétique du site pour des taux de pénétration importants (jusqu’à 60%) à travers la gestion de la charge minimale du groupe électrogène. Le contrôleur MC est compatible avec l’ensemble des onduleurs communiquant en Modbus sur le marché. Compatibilité étendue avec les principaux fournisseurs d’onduleurs PV et onduleurs batteries sur le marché ePowerControl MC assure la gestion de la charge minimale du groupe électrogène par écrêtage de l’onduleur PV et chargement des onduleurs batterie. Le contrôleur ePowerControl MC permet de maximiser le retour sur investissement des solutions PV+ESS selon la configuration électrique ePowerControl MC fournit une gestion de l’injection réseau en fonction de la législation spécifique du pays (limitation d’injection ou net metering) La plateforme web ePowerMonitor permet de surveiller à distance l’état et la consommation de l’équipement du site afin d’assurer sa performance et faciliter sa maintenance via une gestion d’alarme personnalisée Contrôleur intelligent & plug-and-play Plateforme de monitoring énergétique Contrôleur adapté aux centrales solaires Configuration ilôtée (Electrification rurale, hôtels isolés, fermes agricoles) : Ici l’ajout d’un ESS permet de stocker le surplus solaire durant la journée réduisant ainsi la consommation de carburant. Également l’ESS peut former le réseau dans certains cas ce qui permet de limiter l’utilisation du groupe électrogène au cours de la journée Configuration connecté réseau (Bâtiment industriel et commerciaux) : Ici l’ajout d’un ESS permet de réaliser des applications d’écrêtage (peak-shaving) ou de déplacement d’achat d’énergie (load-shifting) permettant de réaliser des économies selon les tarifications locales Configuration connecté à un réseau de mauvaise qualité (Bâtiment industriel et commercial) : Ici l’ajout d’un ESS a le même comportement pour un application connecté réseau ou ilôté selon l’état du réseau"
https://elum-energy.com/contact/,10/23/2023 16:25,"Nous contacter France Brésil Maroc Afrique du Sud 9 Rue d'Enghien, 75010 PARIS Columbus Desenvolvimento Internacional Ltda. (FBD), Alameda Campinas 463, CEP 01404-902 São Paulo, SP +55 (11) 97131-1212 21 Rue Bapaume, CASABLANCA +212 5 22 40 93 83 Work & Co, 11th Floor, Touchstone House, 7 Bree Street, Cape Town, 8001. +27 6 78 43 72 86 Ouverture prochaine de bureaux à Singapour et Ahmedabad ! <img src=""data:image/svg+xml;utf8,%3Csvg width='21' height='15' xmlns='http://www.w3.org/2000/svg'%3E%3Cdefs%3E%3ClinearGradient x1='50%' y1='0%' x2='50%' y2='100%' id='a'%3E%3Cstop stop-color='%23FFF' offset='0%'/%3E%3Cstop stop-color='%23F0F0F0' offset='100%'/%3E%3C/linearGradient%3E%3ClinearGradient x1='50%' y1='0%' x2='50%' y2='100%' id='b'%3E%3Cstop stop-color='%230A17A7' offset='0%'/%3E%3Cstop stop-color='%23030E88' offset='100%'/%3E%3C/linearGradient%3E%3ClinearGradient x1='50%' y1='0%' x2='50%' y2='100%' id='c'%3E%3Cstop stop-color='%23E6273E' offset='0%'/%3E%3Cstop stop-color='%23CF152B' offset='100%'/%3E%3C/linearGradient%3E%3C/defs%3E%3Cg fill='none' fill-rule='evenodd'%3E%3Cpath fill='url(%23a)' d='M0 0h21v15H0z'/%3E%3Cpath fill='url(%23b)' d='M-.002 0h21v15h-21z'/%3E%3Cpath d='M5.003 10H-.002V5h5.005L-2.082.22l1.118-1.657 8.962 6.045V-1h5v5.608l8.962-6.045L23.078.22 15.993 5h5.005v5h-5.005l7.085 4.78-1.118 1.657-8.962-6.045V16h-5v-5.608l-8.962 6.045-1.118-1.658L5.003 10z' fill='url(%23a)'/%3E%3Cpath d='M14.136 4.958l9.5-6.25a.25.25 0 00-.275-.417l-9.5 6.25a.25.25 0 10.275.417zm.732 5.522l8.515 5.74a.25.25 0 10.28-.415l-8.516-5.74a.25.25 0 00-.279.415zM6.142 4.526L-2.74-1.461a.25.25 0 00-.28.415L5.863 4.94a.25.25 0 00.279-.414zm.685 5.469l-9.845 6.53a.25.25 0 10.276.416l9.846-6.529a.25.25 0 00-.277-.417z' fill='%23DB1F35' fill-rule='nonzero'/%3E%3Cpath fill='url(%23c)' d='M-.002 9h9v6h3V9h9V6h-9V0h-3v6h-9z'/%3E%3C/g%3E%3C/svg%3E"" alt=""English"" /> <img src=""data:image/svg+xml;utf8,%3Csvg width='21' height='15' xmlns='http://www.w3.org/2000/svg'%3E%3Cdefs%3E%3ClinearGradient x1='50%' y1='0%' x2='50%' y2='100%' id='a'%3E%3Cstop stop-color='%23FFF' offset='0%'/%3E%3Cstop stop-color='%23F0F0F0' offset='100%'/%3E%3C/linearGradient%3E%3ClinearGradient x1='50%' y1='0%' x2='50%' y2='100%' id='b'%3E%3Cstop stop-color='%23DD172C' offset='0%'/%3E%3Cstop stop-color='%23C60B1F' offset='100%'/%3E%3C/linearGradient%3E%3ClinearGradient x1='50%' y1='0%' x2='50%' y2='100%' id='c'%3E%3Cstop stop-color='%23FFD133' offset='0%'/%3E%3Cstop stop-color='%23FFC500' offset='100%'/%3E%3C/linearGradient%3E%3C/defs%3E%3Cg fill='none' fill-rule='evenodd'%3E%3Cpath fill='url(%23a)' d='M0 0h21v15H0z'/%3E%3Cpath fill='url(%23b)' d='M0 0h21v4H0zm0 11h21v4H0z'/%3E%3Cpath fill='url(%23c)' d='M0 4h21v7H0z'/%3E%3Cpath fill='%23FFEDB1' d='M5.5 7h1v.5h-1z'/%3E%3Cpath d='M4.915 8.46c.025.295.291.54.585.54s.56-.246.585-.54L6.207 7H4.793l.122 1.46zm-.624-1.465a.456.456 0 01.465-.495h1.488a.45.45 0 01.465.495l-.126 1.506A1.104 1.104 0 015.5 9.5a1.104 1.104 0 01-1.083-.999L4.29 6.995z' fill='%23A41517' fill-rule='nonzero'/%3E%3Cpath fill='%23A41517' d='M4.5 7.5h2V8H6l-.5 1L5 8h-.5zM3 6h1v3.5H3zm4 0h1v3.5H7zm-2.5-.5c0-.276.214-.5.505-.5h.99c.279 0 .505.232.505.5v.248A.248.248 0 016.255 6h-1.51a.245.245 0 01-.245-.252V5.5z'/%3E%3C/g%3E%3C/svg%3E"" alt=""Español"" /> Envoyer"
https://elum-energy.com/supervision-a-distance-des-sites-telecoms/,10/23/2023 16:25,"Supervision à distance des sites telecoms Le SLA (Service Level Agreement) des tours de télécommunication détermine le niveau de contraintes et les pénalités appliquées lorsqu’un fournisseur de services ne respecte pas les paramètres de continuité de service convenus dans les termes de l’accord. Le défi d’un gestionnaire de site de télécommunications consiste à collecter rapidement des informations sur un portefeuille très hétérogène d’équipements installés et sur la configuration électrique du site afin de mener des actions de maintenance et de détecter les vols (batterie et carburant) et l’efficacité énergétique de ses tours. L’accès à des données peu fiables et parfois même incohérentes entraîne des visites multiples et très coûteuses sur l’ensemble du portefeuille. ePowerLog DL télécom est un datalogger permettant la remontée des données sur les différents équipements présents sur la tour télécom (Redresseurs, Climatisations, Groupe électrogènes, MPPT Solaire, Réseau). Cette remontée de données est affichée sur la plateforme de monitoring ePowerMonitor permettant d’afficher les données de production, consommation réseau, consommation équipements télécoms et climatisation qui permettent d’actionner des actions d’efficacité énergétique sur la tour (réglage de température de consigne, suivi de la consommation de carburant sur le site). ePowerMonitor, l’outil de monitoring fourni par Elum permet la remontée des alarmes matériel mais également des alarmes paramétrables par l’utilisateur. Compatibilité étendue avec l’ensemble des redresseurs sur le marché et l’ensemble des contrôleurs de groupe Menu de configuration eConf intuitif et simple permettant la configuration et la mise en route du datalogger en quelques heures ePowerMonitor RMS permet à l’opérateur de détecter rapidement des vols de carburant via le système d’alarme et de notification ePowerMonitor RMS permet à l’opérateur de réduire la consommation énergétique en détectant des inefficiences de consommation (Redresseur ou climatisation mal réglés) ePowerMonitor RMS fournit un aperçu en temps réel de la performance du portefeuille ainsi qu’une gestion des alarmes personnalisée ePowerLog DL Datalogger Universel"
https://elum-energy.com/applications/,10/23/2023 16:25,Ajout d’un système de stockage pour microgrids Ajout d’un système de stockage pour des Utility Power Plants Sous-comptage‌ ‌énergétique‌ ‌des‌ ‌sites‌ ‌industriels‌ ‌ Autoconsommation solaire connecté réseau Borne de recharge de véhicules électriques (VE) solaires Ajout d’une capacité solaire à un site poor grid ou off-grid Centrale solaire connectée au réseau DEIE: Dispositif d’Echange d’Informations d’Exploitation SCADA: Contrôle & analyse sur site Previous slide Next slide
http://elum-energy.com/,10/23/2023 16:25,"SOLUTIONS DE SUIVI ET DE CONTRÔLE POUR LES SYSTÈMES D'ÉNERGIE SOLAIRE HYBRIDES ePowerControl ePowerMonitor ePowerLog Centrale Solaire Hybride 5 Star Superspar Centre Commercial Evènements Derniers articles Centrale Solaire Microgrid Solaire Hybride Autoconsommation Solaire 4 raisons de surveiller votre production d’énergie Limitation d’injection : Quelles solutions ? Solutions de surveillance et de contrôle pour l'énergie Références clients Privacy Overview Contrôleur EMS En savoir plus Platforme de supervision énergétique Collecte de données pour projets hybrides PV Diesel - 450 kWp - Ile de la Réunion PV Diesel – 360 kWp – Afrique du Sud PV Storage– 3 MWp – Comores Intersolar North America – Long Beach, Etats Unis Genera – Madrid, Espagne Solar Expo Maroc – Casablanca, Maroc Applications Centrales Hybrides Microgrid Solaire Hybride Autoconsommation Solaire Produits ePowerControl SD ePowerControl ZE ePowerControl DL ePowerControl PPC ePowerControl MC ePowerControl HFS ePowerMonitor Entreprise A propos Carrière Références Conditions générales Protection des données Contact Blog Ressources Carrière A propos Paris: + 33 1 84 25 69 47 Casablanca: + 212 5 22 40 93 83Cape Town: +27 6 64 58 09 68 contact@elum-energy.com +33 1 84 25 69 47 Se connecter Connexion Contactez-nous Menu 14/02 21/02 Prendre rendez-vous 7 novembre 2022 2 octobre 2020 Centrales Hybrides ePowerControl SD ePowerControl ZE ePowerControl DL ePowerControl PPC ePowerControl MC ePowerControl HFS Références Protection des données Paris: + 33 1 84 25 69 47 Casablanca: + 212 5 22 40 93 83 Cape Town: +27 6 64 58 09 68 : Linkedin-in Youtube Facebook-f Twitter This website uses cookies to improve your experience. We'll assume you're ok with this, but you can opt-out if you wish.Accept Read More Privacy & Cookies Policy Fermer Toujours activé Non-necessary"
http://gouach.com,10/23/2023 16:25,"WE BUILD SUSTAINABLE BATTERIES WE POWER PEOPLE AND THE PLANET WITH CLEAN ENERGY BUT IT DOESN’T HAVE TO BE THIS WAY IT’S TIME TO GIVE BACK POWER TO THE PEOPLE BUILD, REPAIR REUSE AND RECYCLE QUALITY AND DURABILITY POWERFUL EFFICIENT SUSTAINABLE AND ACCESSIBLE TO ALL ! OUR MISSION TOGETHER WE CAN POWER THE PLANET LET'S FIGHT PLANNED OBSOLESCENCE TOGETHER product The business model for small batteries today is one of obsolescence, opacity and disposability. At Gouach, we believe that all the power of technology should be at the service of ecology We are challenging planned obsolescence within the battery industry in a mission to protect the environment, and provide users and manufacturers with product transparency and clean energy. So we’re pioneering batteries that are easy to : We don’t compromise on : We want the best of all worlds : Empowering people to make a choice for the environment. Meet our mission-driven team"
https://www.gilytics.com/information-security-external-code,10/23/2023 16:25,"Gilytics Information Security External Code 1. Purpose 2. Scope 3. General guidelines 4. Intellectual property 5. Exchange of information 6. Appropriate use of resources 7. User responsibilities The purpose of this document is to establish the information security policy framework for Gilytics’ provider organisations accessing our information, information systems or resources, in order to protect their confidentiality, integrity and availability, when no other contractual agreement addresses these matters. To this end, supplier organisations are responsible for informing their employees, and subcontractors providing services to GILYTICS, about this framework. All activities carried out for GILYTICS by supplier organisations accessing the company’s information, information systems or resources. General guidelines are applicable to any provider organisation, regardless of the type of service provided. Specific guidelines are applicable only to those provider organisations whose services match the type indicated in each section. 3.1. Service provision Supplier organisations may only perform for GILYTICS the activities covered under the corresponding service contract. The provider organisation shall periodically provide GILYTICS with the list of persons, profiles, functions and responsibilities associated with the service provided, and shall promptly inform GILYTICS of any change (registration, cancellation, substitution or change of functions or responsibilities) that may occur in this list. In accordance with the contract clauses for the provision of services, all external persons performing work for GILYTICS must comply with the safety standards described in this document. In case of non-compliance with these obligations, GILYTICS reserves the right to veto the person who has committed the infraction, as well as to adopt sanctioning measures. The provider organisation shall ensure that its personnel have the appropriate training to perform the service. Any exchange of information between GILYTICS and the provider organisation shall be understood to take place within the framework established by the service contract, so that such information may not be used outside this framework or for other purposes. Generically, assets affected by this framework include: 3.2. Confidentiality of information External persons who have access to GILYTICS information should consider that such information is, by default, protected information. Only information to which access has been obtained through the means of public dissemination of information provided for this purpose by GILYTICS may be considered as unprotected information. The disclosure, modification, destruction or misuse of information, whatever its medium, shall be prevented. Maximum confidentiality shall be maintained indefinitely and no protected information shall be released to the outside world unless duly authorised. The number of paper documents containing protected information shall be minimised and they shall be kept in a secure place out of reach of third parties. In the event that, for reasons related to the work for Gilytics, an employee of the provider organisation comes into possession of protected information in any type of support, it must be understood that such possession is temporary, with an obligation of secrecy and without conferring any right of possession, ownership or copy of said information. Likewise, the employee must return the aforementioned media immediately upon completion of the work for Gilytics. All these obligations shall continue after the termination of the provider activities for GILYTICS. Failure to comply with these obligations may constitute an offence of disclosure of secrets. In order to ensure the security of personal data, staff of the provider organisation shall observe the following rules of conduct in addition to the above considerations: Compliance with legal restrictions on the use of material protected by copyright law shall be ensured. The use of unlicensed software on GILYTICS information systems is strictly prohibited. Likewise, the use, reproduction, transfer, transformation or public communication of any type of work or invention by GILYTICS protected by intellectual property is prohibited without due written authorisation. GILYTICS shall only authorise the use of material produced by itself, or material authorised or supplied to it by its owner, in accordance with the agreed terms and conditions and the provisions of the regulations in force. No person providing services to GILYTICS shall conceal or manipulate his or her identity when dealing with the company, or claim to represent GILYTICS to third parties. The distribution of information, whether in electronic or physical format, will be carried out by means of the resources determined in the service provision contract for such purpose and for the exclusive purpose of facilitating the functions associated with such contract. GILYTICS reserves, depending on the identified risk, the implementation of control, registration and audit measures on these dissemination resources. In relation to the exchange of information within the framework of the service provision contract, the following activities within the GILYTICS information systems shall be considered as unauthorised: The provider organisation undertakes to periodically inform GILYTICS of the assets (see 3.1) with which it provides the service. The provider organisation undertakes to use the resources made available for the provision of the service in accordance with the conditions for which they were designed and implemented. The resources that GILYTICS makes available to external parties, regardless of their type (IT, data, software, networks, communication systems, etc.), are available exclusively to fulfil the obligations and purpose of the operation for which they were provided. GILYTICS reserves the right to implement control and audit mechanisms to verify the appropriate use of these resources. All equipment of the supplier organisation connected to the GILYTICS production network shall be of controlled and protected. Any file introduced in the GILYTICS network or in any equipment connected to it through automated media, Internet, electronic mail or any other means, must comply with the requirements established in these rules and, in particular, those referring to intellectual property, personal data protection and malware control. All assets shall be returned to GILYTICS without undue delay after the end of the contract. It is expressly prohibited: Service provider organisations shall ensure that all persons performing work for GILYTICS respect the following principles: Anyone with access to protected information should follow the following guidelines regarding password management: Anyone with access to protected information should adhere to at least the following clean desk rules, in order to protect paper documents, computer media and portable storage devices and to reduce the risks of unauthorised access, loss and damage to information, both during and outside normal working hours: 3.7. User equipment Service provider organisations shall ensure that all user personal computer equipment used to access protected information complies with the following standards: Particular care shall be taken to ensure the security of all user mobile equipment containing or otherwise accessible to protected information: Specific guidelines Scope of application All supplying organisations shall comply, in addition to the general rules, with the specific rules set out in this section that apply to them in each case, depending on the characteristics of the service provided to GILYTICS. The types of service envisaged are as follows. Level of access to GILYTICS systems: Depending on the level of access to GILYTICS information systems, three cases are distinguished: Depending on each of the three categories into which each service falls, the provider organisation must comply, in addition to the general safety standards, with the specific standards set out in the sections indicated in the following table: 4.2. Selection of persons The provider organisation shall verify the professional background of the persons assigned to the service, guaranteeing GILYTICS that they have not been sanctioned in the past for professional malpractice nor have they been involved in incidents related to the confidentiality of the information processed that have led to any type of sanction. The provider organisation shall guarantee GILYTICS the possibility of immediate removal from the persons assigned to the service of any person in relation to whom GILYTICS wishes to exercise the right of veto, in accordance with the conditions set out in section 3.1. 4.3. Security audit The supplier organisation shall allow GILYTICS to carry out the requested safety audits, cooperate with the audit team and provide all evidence and records requested. The scope and depth of each audit will be expressly established by GILYTICS in each case. The audits shall be carried out according to a schedule to be agreed in each case with the service provider organisation. GILYTICS reserves the right to conduct additional extraordinary audits, provided that there are specific grounds for doing so. 4.4. Reporting of incidents When you detect any information security incident, you must notify GILYTICS immediately via the e-mail address security@gilytics.com. Any user may contact the aforementioned mailbox to report any events, suggestions, vulnerabilities, etc. that may be related to information security and the guidelines contemplated in these rules. Any incident that affects or may affect the security of personal data (e.g. loss of lists and/or computer media, suspicion of improper use of authorised access by other persons, recovery of data from backup copies, etc.) must be notified through the aforementioned mailbox. This mailbox centralises the collection, analysis and management of the incidents received. If access to the mailbox is not available, the communication channels established within the service itself should be used, so that the GILYTICS interlocutor is the one to communicate the security incident. 4.5. Physical security The venue shall be locked and shall have some form of access control system. There shall be some form of visitor control, at least in areas of public access and/or loading and unloading. The site shall at least have adequate fire detection and fire extinguishing systems and shall be constructed in such a way as to be sufficiently resistant to flooding. If any backup is maintained, the systems hosting and/or processing such information shall be located in a specially protected area, which includes at least the following security measures: 4.6. Asset management The provider organisation shall have an up-to-date asset register in which the assets used for the provision of the service can be identified. All assets used for the provision of the service shall have a responsible person who ensures that such assets incorporate the security measures established by the provider organisation, which shall be at least those specified in this regulation. The Provider Organisation shall notify GILYTICS of the decommissioning of assets used for the provision of the service. If the asset contains other GILYTICS property (hardware, software or other assets), it must be handed over to GILYTICS prior to the decommissioning in order for GILYTICS to proceed with the removal of the assets owned by GILYTICS. Whenever an asset has contained protected information, the provider organisation shall carry out asset retirement by ensuring the secure disposal of such information, either by applying secure deletion functions or by physically destroying the asset, so that the information contained therein cannot be recovered. 4.7. Security architecture Whenever the service provider organisation carries out development and/or testing of applications for GILYTICS or with protected information, the environments in which such activities are carried out shall be isolated from each other and also isolated from production environments in which protected information is housed or processed. All access to information systems hosting or processing protected information shall be protected at least by a firewall limiting the ability to connect to them. Information systems housing or processing particularly sensitive information shall be isolated from other information systems. 4.8. System security Information systems that host or process protected information shall record the most significant events surrounding their operation. These activity logs shall be covered by the provider organisation’s backup policy. The clocks of the provider organisation’s systems that process or host protected information shall be synchronised with each other and with the official time. The service provider organisation shall ensure that the capacity of information systems storing or processing protected information is adequately managed, avoiding potential downtime or malfunctioning of such systems due to resource saturation. Information systems hosting or processing protected information shall be adequately protected against malicious software by applying the following precautions: The provider organisation shall establish a backup policy to ensure the safeguarding of any data or information relevant to the service provided, on a weekly basis. Whenever e-mail is used in connection with the service provided, the provider organisation shall respect the following premises: Whenever GILYTICS e-mail is used for the provision of the service, at least the following principles must be respected: Access to information systems housing or processing protected information must always be authenticated, at least by using a person identifier and an associated password. Information systems that house or process protected information shall have access control systems that limit access to such information to service personnel only. Access sessions to information systems hosting or processing protected information shall be automatically blocked after a certain period of inactivity of the users. Whenever using software provided by GILYTICS, the following rules must be observed: 4.9. Network security Networks transporting protected information must be adequately managed and controlled, ensuring that there are no accesses or connections not appropriately secured by the provider organisation. The services provided on these networks should be limited as much as possible. Networks allowing access to GILYTICS ICT infrastructure shall be appropriately secured, and the following requirements shall be met: Teleworking, considered as access to the corporate network from outside, is regulated by the application of the following regulations: In addition, whenever the Internet access provided by GILYTICS is used, the following rules must be observed: 4.10. Traceability of system use Authorized access and activities in the provider’s systems shall be logged and these logs shall be retained in accordance with the Organisation’s backup regulations. Errors and failures in systems activity shall be analysed and remedial action shall be taken. 4.11. Identity and access control and management All users with access to an information system shall have a single access authorisation consisting of a user ID and password. Users shall be responsible for all activity related to the use of their authorised access. Users shall not use any authorised access of another user, even if they have the owner’s authorisation. Under no circumstances should users disclose their identifier and/or password to any other person, nor should they keep it in writing in plain view or within the reach of third parties. The minimum length of the password must be 6 characters and must not contain the name, surname or identifier of the user in it. It must be changed every 45 days and must not repeat at least the previous 8 passwords. They must also be complex and difficult to guess, and therefore consist of a combination of at least 3 of these 4 options in the first 8 characters: uppercase, lowercase, numbers and special characters. It is recommended to use the following guidelines for password selection: The provider organisation shall ensure that it is regularly ascertained that only duly authorised persons have access to the protected information. In those cases where GILYTICS information systems are also accessed, the following regulations must also be considered: If a user suspects that his/her authorised access (user ID and password) is being used by another person, he/she should change his/her password and notify the incident to the e-mail address security@gilytics.com. 4.12. Change management All changes to the ICT infrastructure must be controlled and authorised, ensuring that no uncontrolled components are integrated. All new components introduced into the provider organisation’s ICT infrastructure used for the provision of the service should be verified to ensure that they function properly and fulfil the purposes for which they were introduced. 4.13. Technical change management All changes that are made shall be carried out in accordance with a formally established and documented procedure, which ensures that the appropriate steps for making the change are followed. The change management procedure shall ensure that changes to the ICT infrastructure are minimised and limited to those that are strictly necessary. All changes should be tested before deployment in the production environment to ensure that there are no unintended or undesirable side effects on the operation and security of the ICT infrastructure. The provider organisations shall scan and mitigate technical vulnerabilities in the infrastructures used for the provision of the service, informing GILYTICS of all those associated with critical components. 4.14. Security in development The entire outsourced software development process will be controlled and supervised by GILYTICS. Identification, authentication, access control, auditing and integrity mechanisms will be incorporated throughout the software design, development, deployment and operation lifecycle. The software specifications shall expressly contain the safety requirements to be covered in each case. The software to be developed should incorporate input validations to verify that the data is correct and appropriate and to prevent the introduction of executable code. The internal processes developed by the applications shall incorporate all necessary validations to ensure that no corruption of information occurs. Whenever necessary, authentication and integrity control functions should be incorporated in the communications between the different components of the applications. The output information provided by applications should be limited, ensuring that only relevant and necessary information is provided. Access to the source code of the applications shall be limited to service personnel. In the test environment, real data shall only be used if they have been appropriately decoupled or if it can be ensured that the security measures applied are equivalent to those in the production environment. During the testing of the applications, it will be verified that there are no uncontrolled information gaps, and that only the intended information is provided through the established channels. Only software that has been expressly approved shall be transferred to the production environment. In relation to web services, the recommendations of the Owasp Top 10 will be considered. 4.15. Contingency management The service shall have a plan that allows for its provision even in case of contingencies. The above plan shall be developed based on the events capable of causing service disruptions and their likelihood of occurrence. The provider organisation shall be able to demonstrate the feasibility of the existing contingency plan. 4.16. Monitoring and control In order to ensure the correct use of the aforementioned resources, GILYTICS will check the compliance with this framework through the formal and technical mechanisms deemed appropriate, either periodically or when it is convenient for specific security or service reasons. Dec 5, 2022"
https://www.gilytics.com/management-policy,10/23/2023 16:25,"Management Policy The management policy is based on the following statements: Approved by Stefano Grassi, 25/10/2022"
https://www.gilytics.com/rgi-best-practice-webinar-pathfinder-collaborative-energy-infrastructure-planning-platform,10/23/2023 16:25,"This Best Practice Webinar, organised with Renewable Grid Initiative, will focus on how their GIS Decision Support System ‘Pathfinder’ can optimise energy infrastructure planning and design. You can watch the webinar here:"
https://www.gilytics.com/faqs,10/23/2023 16:25,"FAQs What data is needed to use Pathfinder? How are parameters set? Is raster or vector data used? Is Pathfinder compatible with other GIS solutions we are already using? Is Pathfinder only available on the cloud? Can overhead and earth cable routes be analyzed? Can offshore routes be analyzed? Can Pathfinder be used for Renewables? How does Pathfinder automatically generate routes and can I validate results? How can you customize settings for my country? Can you help us with data management? Can other kinds of non-spatial data be used? How is Pathfinder different from other tools? How can we try Pathfinder? How much does a license cost? How do I contact support? GIS data from any source can be used including but not limited to ESRI gdb or PostGIS formats. Cadastral data for land parcels and properties, and DXF data can also be added. Your own data from surveys can also be added. Users set parameters based on local requirements and are given training on how to prepare data for analysis. Both raster and vector data can be used. Yes, data can be imported and exported from other tools and analyzed in Pathfinder, so you do not need to change existing processes. Pathfinder can be used on the cloud for optimal speed and on premise if required. Both overhead and earth cable routes can be analyzed and combined in one project. Offshore routes can be analyzed depending on data availability. Pathfinder can help to identify where to locate substations and routes to connect projects to the grid. Pathfinder uses user input and spatial data to quickly automate route generation based on user input and can be used to validate results. You set the resistance values for your country based on local regulatory requirements. Gilytics can help you to review data to make it easy to import and analyze data. Drone and satellite images can be used. Pathfinder is a project management tool using spatial data that is often used later in the project process then similar GIS tools that are more focused on spatial data management. You can request a free trial account to test Pathfinder or request a live demo or explore a pilot with us testing Pathfinder on your own data. We offer a range of packages depending on your needs and the number of projects and users at a range of price points. Users can use our support chat to address any issues they have. Looking for more insights and what Pathfinder platform can do?"
https://www.gilytics.com/pathfinder-esri-add-in,10/23/2023 16:25,"How it works How to test As part of ESRI Starupt program, Gilytics now offers a direct Add-in for Esri Arc GIS (Desktop and Pro). Esri product users can now directly benefit from the power of Pathfinder routing and siting algorithms while using familiar Arc GIS environment. Use your Esri data to setup projects and scenarios. Easily apply planning rules and generate options which provide you with shortest route or environmentally best area to site your infrastructure. To do this you select layers (vector/raster) and define buffers and resistance values. Pathfinder algorithms generate land suitability (resistance) maps, corridors, and paths which you can analyze using your GIS data and ArcGIS geoprocesses. See a short video on youtube. You can use the Esri Add-in for various applications like routing of linear infrastructure for overhead lines, earth cable, rail, streets etc. or you can find the best sites for substations, solar parks or other areas. Pathfinder offers you algorithms and parameters to optimize for different goals like residential impact, cost, environment etc. so you can quickly find an optimal solution for your project. You can read more here. The Pathfinder Esri Add-in delivers you the following benefits: Download the Add-in here. There is a version for Arc GIS Desktop and a version for Arc GIS Pro. Then you need a Pathfinder license to get full access, so get in contact with Gilytics Team so we can help you get started. Posted in Blog, News"
https://www.gilytics.com/book-a-demo,10/23/2023 16:25,"Book a Demo Get in touch for a product demo & free trial. * First Name Last Name Afghanistan Åland Islands Albania Algeria American Samoa Andorra Angola Anguilla Antarctica Antigua and Barbuda Argentina Armenia Aruba Australia Austria Azerbaijan Bahamas Bahrain Bangladesh Barbados Belarus Belgium Belize Benin Bermuda Bhutan Bolivia Bonaire, Sint Eustatius and Saba Bosnia and Herzegovina Botswana Bouvet Island Brazil British Indian Ocean Territory Brunei Darrussalam Bulgaria Burkina Faso Burundi Cambodia Cameroon Canada Cape Verde Cayman Islands Central African Republic Chad Chile China Christmas Island Cocos Islands Colombia Comoros Congo, Democratic Republic of the Congo, Republic of the Cook Islands Costa Rica Côte d'Ivoire Croatia Cuba Curaçao Cyprus Czech Republic Denmark Djibouti Dominica Dominican Republic Ecuador Egypt El Salvador Equatorial Guinea Eritrea Estonia Eswatini (Swaziland) Ethiopia Falkland Islands Faroe Islands Fiji Finland France French Guiana French Polynesia French Southern Territories Gabon Gambia Georgia Germany Ghana Gibraltar Greece Greenland Grenada Guadeloupe Guam Guatemala Guernsey Guinea Guinea-Bissau Guyana Haiti Heard and McDonald Islands Holy See Honduras Hong Kong Hungary Iceland India Indonesia Iran Iraq Ireland Isle of Man Israel Italy Jamaica Japan Jersey Jordan Kazakhstan Kenya Kiribati Kuwait Kyrgyzstan Lao People's Democratic Republic Latvia Lebanon Lesotho Liberia Libya Liechtenstein Lithuania Luxembourg Macau Macedonia Madagascar Malawi Malaysia Maldives Mali Malta Marshall Islands Martinique Mauritania Mauritius Mayotte Mexico Micronesia Moldova Monaco Mongolia Montenegro Montserrat Morocco Mozambique Myanmar Namibia Nauru Nepal Netherlands New Caledonia New Zealand Nicaragua Niger Nigeria Niue Norfolk Island North Korea Northern Mariana Islands Norway Oman Pakistan Palau Palestine, State of Panama Papua New Guinea Paraguay Peru Philippines Pitcairn Poland Portugal Puerto Rico Qatar Réunion Romania Russia Rwanda Saint Barthélemy Saint Helena Saint Kitts and Nevis Saint Lucia Saint Martin Saint Pierre and Miquelon Saint Vincent and the Grenadines Samoa San Marino Sao Tome and Principe Saudi Arabia Senegal Serbia Seychelles Sierra Leone Singapore Sint Maarten Slovakia Slovenia Solomon Islands Somalia South Africa South Georgia South Korea South Sudan Spain Sri Lanka Sudan Suriname Svalbard and Jan Mayen Islands Sweden Switzerland Syria Taiwan Tajikistan Tanzania Thailand Timor-Leste Togo Tokelau Tonga Trinidad and Tobago Tunisia Turkey Turkmenistan Turks and Caicos Islands Tuvalu Uganda Ukraine United Arab Emirates United Kingdom United States Uruguay US Minor Outlying Islands Uzbekistan Vanuatu Venezuela Vietnam Virgin Islands, British Virgin Islands, U.S. Wallis and Futuna Western Sahara Yemen Zambia Zimbabwe Country"
https://www.gilytics.com/gilytics-has-been-certified-to-iso-9001-and-iso-27001,10/23/2023 16:25,"Post navigation How geodata can help speed up planning of linear infrastructure projects We are thrilled to announce that Gilytics has achieved certification for ISO 9001:2015 and ISO/IEC 27001:2013, both globally recognized and respected international standards for quality management and information security. ISO 9001, a quality management standard, demonstrates our commitment to delivering high-quality products and services that meet or exceed our customers’ expectations, while continuously improving our processes and procedures. On the other hand, ISO 27001 certification verifies that we have implemented a comprehensive information security management system, including policies, procedures, and controls to protect our customers’ and partners’ sensitive information. Gilytics takes great pride in achieving these certifications as a testament to our commitment to providing exceptional customer service and maintaining the highest standards of quality and security. We would like to take this opportunity to thank all of our employees, customers, and partners for their support in helping us achieve these certifications. We look forward to continuing to provide the highest level of quality and security in everything we do. Posted in News"
https://www.gilytics.com/video,10/23/2023 16:25,"Video Tutorials PATHFINDER TUTORIALS WEBINARS OTHER VIDEOS Create a project and add data Setup simulation scenarios Calculating optimal routes Comparing and reporting alternative routes 3D visualization and editing of routes Pathfinder Webinar Swissgrid TSO Switzerland Pathfinder Demo Augmented Reality Get answers to your questions to get started using Pathfinder. Pathfinder Tutorial 1: In this tutorial video you will learn how to create projects and add data to the projects in Pathfinder. You will learn how to set up the scenarios to simulate resistance maps and later calculate optimal routes. After setting up our routing scenario constraints, we can calculate the corridor map, showing the areas closer to optimal routes, and compute these paths using different options. After calculating the optimal paths for multiple scenarios, we can compare them quantitatively to support the decision-making process, and print a report with the results. In addition to comparing route alternatives quantitatively, we can also display them in 3D with other reference objects, and adjust manually the pylon location. Webinar Learn from Swissgrid about how Pathfinder helps them to optimize planning. In this Best Practice Webinar RGI, Gilytics, and Swissgrid introduced Pathfinder, showing how the tool can adapt to different challenges within the infrastructure planning and design stages, as well as how it can be implemented for TSOs to promote nature-positive energy systems. Learn how Pathfinder works in a short introductory video. See how AR can be used to show where a future overhead line project will appear using a tablet or a mobile phone."
https://www.gilytics.com/case-studies,10/23/2023 16:25,"Case Studies SBB Swiss Rail Operator A+S Umwelt Energie Germany Axpo DSO Switzerland See how our customers are saving time and money and supporting growth by optimizing routing and siting. The Swiss railway operator SBB operates over 3,200 km of rail network, which is 100% electrified. SBB also operates 8 hydroelectric power plants and its own 134 kV high-voltage network for safe power transmission across Switzerland. SBB is a central part of the Swiss society and economy and stands for punctuality and reliability. SBB uses Pathfinder, for transmission line planning and substation siting in early planning phases and to support decision-making in strategic grid planning. The solution helps to present risks and options in a comprehensible manner and evaluate alternatives in a standardized and transparent way. A+S Umwelt Energie, based in Berlin and Brandenburg, offers IT-related services in the planning and approval of linear infrastructure projects. A+S works for customers in the energy market, such as TenneT TSO in Germany, 50 Hertz Transmission and Arcadis. The team, with its many years of experience, uses Pathfinder in project work in the cooperation between environmental planners, route planners and clients. TenneT is a leading European electricity transmission system operator with their main activities in the Netherlands and Germany, managing over 23,900 kilometers of high-voltage connections with 42 million users. TenneT works with Gilytics to help them to achieve their large-scale grid expansion plan faster. Pathfinder Platform is used to plan for underground cable and overhead line projects. Corridors and routes can be quickly identified and compared using a simple workflow, making the engineering work required faster and easier allowing fast decision making and comparing different scenarios in days instead of months. Axpo is a Swiss electrictiy Distribution System Operator and the largest producer of renewable energy in Switzerland. To speed up projects they use Pathfinder Platform for overhead line and underground cable route design comparisons. The tool helps them to evaluate different options based on costs, lengths and technical parameters. The tool minimizes land parcels crossed and helps to identify more easily routes in environmentally sensitive areas with difficult topography. More on Axpos Offering on their Homepage. Swissgrid is the Swiss electrictiy Transmission System Operator managing 6,700 km of grid in mountainous and densely populated areas with interconnection throughout Europe. Pathfinder Platform provides decision support during the feasibility and pre-design phase to plan, discuss, and define corridor and route options. The results are used in the permitting and public stakeholder engagement process. More on swissgrid.ch (in German)"
https://www.gilytics.com/news,10/23/2023 16:25,"News Gilytics enters into Partnership with A+S Gilytics joins Esri Partner Network Program Gilytics Selected as Infrachallenge Finalist for Helping to Make Infrastructure More Resilient Gilytics is Working with the World’s Most Innovative Utilities as a Free Electrons Finalist We are thrilled to announce that Gilytics has achieved certification for ISO 9001:2015 and ISO/IEC 27001:2013, both globally recognized and respected international standards for quality management and information security. ISO 9001, a quality management standard, demonstrates our commitment to delivering high-quality products and services that meet or exceed our customers’ expectations, while continuously improving our… As part of ESRI Starupt program, Gilytics now offers a direct Add-in for Esri Arc GIS (Desktop and Pro). Esri product users can now directly benefit from the power of Pathfinder routing and siting algorithms while using familiar Arc GIS environment. How it works Use your Esri data to setup projects and scenarios. Easily apply… This Best Practice Webinar, organised with Renewable Grid Initiative, will focus on how their GIS Decision Support System ‘Pathfinder’ can optimise energy infrastructure planning and design. You can watch the webinar here: […]Read More… from RGI Best Practice Webinar: Pathfinder – Collaborative Energy Infrastructure Planning Platform Gilytics is pleased to announce the partnership with A+S with offices in Dresden and Berlin. A+S is in the market since 30 years and produces BIM software for planning & construction of linear infrastructures in the energy, rail and road sectors with clients across Europe, Middle East and Asia. A+S offers Pathfinder + Korfin software… Gilytics brings Pathfinder, a cloud solution to automate infrastructure, design, planning and routing, into ArcGIS and joins Esri Partner Network Program Zurich, January 12, 2022. Gilytics, a Swiss based company, which provides Pathfinder – a GIS cloud solution to automate the design, planning and routing of infrastructure – announces it has been accepted into the… We are excited to announce that Gilytics is an Infrachallenge finalist. The competition run by the Global Infrastructure Hub recognizes solutions supporting infrastructure resiliency bringing companies and infrastructure experts together. The innovation competition showcases and amplifies technology-based solutions for infrastructure. The theme of the competition this year is transformative infrastructure to increase resilience, improve maintenance… Now in its 5th edition, Free Electrons, the ultimate energy innovation program, offers a diverse range of opportunities for startups and utilities. Selected startups work alongside major energy utilities in a series of modules held physically and digitally across the globe. We look forward to working and learning from the companies and participants in the program… 1 →"
https://www.gilytics.com/events,10/23/2023 16:25,"Events 27.09.2023 – Renewable Grid Initiative Workshop in Brussels 22. – 23.03.2023 – Kongress BIM in der Infrastruktur Verkehr & Energie 2023 in Dresden (Radebeul) 17. – 19.03.2023 -Esri International Infrastructure Management & GIS Conference in Frankfurt 11. – 12.05.2023 – Forum Netzbau und Netzbetrieb (Leitungsbautagung) 2023 in Düsseldorf RGI’s Energy & Space Workshop will discuss the challenges of limited resources to reach a decarbonised future and how to address them. During the event, the results of analysis about the needed space and water for different decarbonisation scenarios will be presented, and invited experts will share their perspectives on how to plan energy systems… Der Kongress findet am 22.03.2023 und 23.03.2023 im Historischer Güterboden Radebeul statt. Anwendungen von BIM/IIM Datenmodellen für Bahn-, Straßen-, Energieinfrastruktur in Bestand, Planung, Bau und Unterhaltung stehen im Mittelpunkt dieses Kongresses. Es erwarten Sie spannende Fachvorträge und die Möglichkeit zu einem direkten Austausch mit Spezialistinnen/Spezialisten und Partnerinnen/Partner der Deutschen Bahn AG, der Autobahn GmbH des… The Esri Conference takes place in Frankfurt from 17 – 19 April 2023. Gilytics will be there as well. Connect with us so we can meet and exchange experience how our Pathfinder ArcGIS add-in helps our clients to better manage routing and siting processes for infrastructure in Water, Electric, Gas, District Heating and Cooling, Pipeline,… Die traditionsreiche Tagung findet 2023 zum 30sten Mal zwischen 11.05.2023 – 12.05.2023 in Düsseldorf statt und steht nach wie vor im Zeichen der Auswirkungen der Energiewende und der notwendigen Netzausbauten sowie der Neuerungen im Kabel- und Freileitungsbau in der Mittel,-Hoch- und Höchstspannungsebene. Sie wird bei genügender Nachfrage als hybride Veranstaltung (Präsenz- und Internettagung) angeboten. Die…"
https://www.gilytics.com/industries/rail,10/23/2023 16:25,"Learn from our client the SBB CFF FFS. Interconnection for lines and cables with our Pathfinder Solution. Improve routing, siting, operations and stakeholder engagement for power infrastructure. “Their software Pathfinder gives our team a comprehensive overview of different line options which makes the overall process more efficient and helps us to better manage project costs.“ Thomas Erb Asset Manager Energy Infrastructure SBB"
https://www.gilytics.com/industries/power-utilities,10/23/2023 16:25,"Power & Utilities Use our Pathfinder Platform to optimize planning: Learn from clients like Swissgrid. Improve routing, siting and stakeholder engagement to complete overhead line and cable projects faster. “Planners use the software as a decision support tool giving them more time to discuss alternatives and less time finding them.” Joshu Jullier Communication Manager Swissgrid"
https://www.gilytics.com/industries/engineering,10/23/2023 16:25,"USE CASES Learn from clients with renewables know how like Axpo. Improve tenders, routing, siting, operations and project communication for linear infrastructure projects, including power, telecom, water, etc. ”Pathfinder provides the potential to improve and accelerate planning saving costly time. The more modern 3D visualization is very useful for 3rd party communication” Head of Data Analytics, DSO"
https://www.gilytics.com/industries,10/23/2023 16:25,"GET THE RESULTS YOU NEED Asset Managers Communication Managers Environmental Managers GIS Managers We help energy and engineering companies automate infrastructure planning, routing and monitoring by saving time, money and CO₂ with better data, visuals and communication. Our Pathfinder Platform can be used in all kinds of linear infrastructure projects to optimize routing of cable, oil and gas, pipe, powerlines, renewables, roads, telecom, transport and water as also by energy agencies and governmental bodies. Learn more about how we work with different industries. Many users can benefit from Pathfinder"
https://www.gilytics.com/pathfinder-platform,10/23/2023 16:25,"A SIMPLE WORKFLOW MAKES PATHFINDER EASY TO USE. BENEFITS PATHFINDER FEATURES Environmental Technical Regulatory Pathfinder makes complex projects easier by combining spatial data and user know-how with our modelling on the cloud. Generate multiple scenarios and compare them quickly to find the best fit based on your parameters. Compatible with GIS, CAD and other planning software formats with little behavior change or support needed. Customized optimization engine developed with more than 10 yrs of development and testing. Customized planning and design rules, constraints and regulations for each project Set project parameters for overhead, underground and tunneling infrastructure Generate multiple corridors and routes for each scenario in a single project Automated pylon spotting based on technical constraints Save your settings to be used in other projects or to share with other users Substation siting Visualize your project in 2D and 3D. 2D and 3D visualization integrated into one solution Risks and heat map of interaction with critical elements of the landscape Easy spatial data visualization Interactive visualization when editing path or pylons position Visualization of overhead and underground infrastructure Manual adjustment of the path in 3D Pathfinder allows to compare scenarios with analytics to support decision maker in identifying the best routes. Custom geoprocesses to model specific constraints (visual impact, slope and terrain analysis, bottom valley, etc.) to be included into the routing algorithm Calculate CAPEX, OPEX with custom functions, Assessment of the environmental and social impact Interactive analytics when editing path Generate and export reports and charts automatically Sag line clearance analysis On the Cloud No installation required Automatically updated with the latest features Secure data management and easy access to data Multi-user organization accounts High-performance processing Identify project data and Import data on the cloud Customize parameters based on your criteria Define multiple scenarios and generate results No GIS experience needed Compare route alternatives quantitatively Path analytics for KPIs Realistic 2D and 3D visuals Review, edit, and share routes with the team Share analysis with stakeholders for feedback Integrate into tools you already use with a simple workflow Add comments to map Direct access through the internet, no installation required Easy user-friendly – NO previous GIS knowledge required Guided setup of project region Easy setup of scenario parameters and planning rules Easy GIS layer classification of land suitability Fast routing algorithm (+10 times faster) and scenario generation Flexible and custom creation of complex spatial-mathematical modeling Easy quantitative comparison of multiple scenario results Collaborative multi-user platform for easy exchange of scenarios setup among users Sharing of scenarios with other users Interactive analytical tools included – no need to purchase any additional extensions Easy export of simulation results and analytics compatible with GIS & CAD tools Automated hybrid planning (overhead & underground and tunneling) options – a special mathematical algorithm Multiple and custom cost calculation models available (CAPEX, cost per layer, cost per km, etc.) 3D Visualization and Inspection with multiple visualization of 3D object options (pylon, substations, etc..) Custom report generation in PDF Natural habitats Bird protection Flora & Fauna protection Bodies of Water Linear infrastructure Flood areas Geology Slope and elevation model Distances to residential areas Electromagnetic field Bundling Right of way"
https://www.gilytics.com/use-cases,10/23/2023 16:25,"Use Cases Transmission Line & Lower Voltage Routing Earth Cable Routing Hybrid planning combining overhead lines and underground cables Tunneling Sub Station Siting Renewables Grid Connection Long Term Grid Planning Railway Electrification Environmental Feasibility Process Site Selection For Wind And Solar Cost Estimation for Tenders Investment Feasibility Study Learn how we help clients better manage risk and save time and money in the project process. Easily identify corridors and quantitatively identify the best routes. Visualization of subsurface utilities data and calculated earth cable paths. Combine overhead and ground cable routing as a result of project and topography restrictions. Identify where tunnels are more convenient than surface or overhead infrastructure planning. Determine the optimal location for sub stations for line and cable projects with detailed analysis of local elements such as land parcels, visual impact, and environmental limitations. Analyze offshore, onshore, overhead, cable, and subsea connections.Also identify the optimal route to connect a renewable plants to the grid. Identify which assets to invest in by combining power flow analysis and detailed analysis of costs, environmental, regulatory, and engineering requirements. Supporting expansion and modernization of rail networks. Understand and quantify the environmental impacts in the predesign phase for a line or cable project Compare land parcels quantitatively using analytics to identify the best location. Get more accurate tender cost estimations for route and cable connection by quantifying regulatory and environmental risk, CAPEX, OPEX and other constraints. Conduct a fast feasibility study to decide when to invest in a cable, grid, or renewables project by quickly calculating costs and quantifying requirements."
https://www.gilytics.com/services,10/23/2023 16:25,"We provide the services you need GET A HEAD START WITH THE SERVICES YOU NEED Spatial Data Customization We help companies optimize project processes and get the most out of their spatial data, saving time and money."
https://www.gilytics.com/about-us,10/23/2023 16:25,"About Us OUR MISSION OUR VISION TEAM ADVISORS OUR HISTORY AWARDS WORK WITH US FIND US 2023 2022 2021 2020 2019 2018 2017 2011-2017 Offices Stefano Grassi Elena Rodriguez Salvador Bayarri Philippe Bieri Jordi Castells Sonia Sandoval Alberto Paradís Elena Clemente Ramon Cardeña Ana Flašker Manuel Miñambres Antonis Papaemmanouil Guillaume Waser Olivier Küng We accelerate the clean energy transition through smarter planning processes To automate infrastructure design for a sustainable future society Co-Founder CEO/CTO Customer Success Manager Software Team Lead Co-Founder Customer Happiness Manager Senior Software Engineer GIS Data Analyst Backend & DevOps Engineer Fullstack Developer Senior UX & UI Designer Junior GIS Backend Engineer Electrical Engineering, University of Lucerne Managing Partner, Zinal Growth VC Investor, Product Leader Pix 4D, Co Founder Research at ETH Zurich in GIS, solar, wind, photogrammetry See our latest job offers on our website & LinkedIn page Hafnerstrasse 24 8005 Zürich Switzerland Plaza Juan Pablo II, 5, Valencia 46016 Spain Wilmersdorfer Straße, Berlin 10627 Germany +41 79 397 13 06 info@gilytics.com www.gilytics.com Registration Number CHE-326.677.743"
https://www.gilytics.com/esri-arcgis-add-in,10/23/2023 16:25,"Esri ArcGIS Add-in ArcGIS Pro beta version TRY PATHFINDER Full analysis workflow Future versions Pathfinder routing and siting algorithms in an easy worklflow seamlessly integrated into Esri ArcGIS. Benefits Use it with your Pathfinder account. Easily access your data files or remote services. Create the routing scenario in a few clicks. Set and store the routing parameters with a simple interface or a CSV file. Analyze results directly in your table of content of your GIS document for further processing, printing, etc. See your project in the Pathfinder web application and use its advanced analysis and reporting features. With Pathfinder 3.2, the ArcGIS Desktop add-in is available to ArcMap users. Have an active Pathfinder license? Download and install the add-in file for ArcGIS Desktop. New to Pathfinder? Contact us to get a temporary trial account and test both. Create multiple projects per map, and multiple scenarios per project Select which layers (vector features and rasters) to use in the project Set influence rings and resistance parameters as in Pathfinder All algorithms available to generate resistance maps, corridors, and paths Cost models Analytics"
https://www.gilytics.com/contact-us,10/23/2023 16:25,Contact Us We are here to help you with any questions you may have! Name Email Address Organization / Company Message I agree with Privacy Policy
https://www.gilytics.com/jobs,10/23/2023 16:25,"Job Archives Job Features Spontaneous application Job Category Apply Now We are always interested in talents' application for positions as software developers, project managers, GIS data analysts, business developers, marketing, for internship, junior and senior positions. If you are interested and motivated in working in the energy field and to personally experience how important and critical is the role of our clients in making the Earth a better place and how much efforts they put to reduce the impact on the environment, don't hesitate to send us your CV and motivation letter explaining us why you would like to work at Gilytics! We don't bite anyone... Business dev/Sales, GIS data, Internship, IT, Marketing"
https://gilytics.com,10/23/2023 16:25,"Speed-up energy and transportation routing and siting through collaborative design Main Navigation SOLUTION HOW CAN WE HELP? TRUSTED AND TESTED BY OUR CLIENTS WITH 10,000+ KMS PLANNED PARTNERS LATEST NEWS SUBSCRIBE TO GET UPDATES Pathfinder Services INDUSTRIES Engineering & Renewables Power Utilities Rail GET A DEMO Gilytics has been certified to ISO 9001 and ISO 27001 Gilytics launches Pathfinder Esri Add-in for Routing and Siting RGI Best Practice Webinar: Pathfinder – Collaborative Energy Infrastructure Planning Platform Gilytics Solution Industries Knowledge Center Automate infrastructure design through spatial optimization science. Find, compare, and edit line and location options to accelerate your project. Save up to 6 months in planning process Reduce project planning costs up to 20% 50% faster project performance Increased transparency & communication with stakeholders Let our route and site optimization engine provide alternatives, analytics, and visualizations needed to facilitate better decision-making. Get a head start with the services you need: spatial data management, customization and more. We had the great opportunity to test and use Gilytics Pathfinder in our large-scale transmission lines projects in Germany. The software is intuitive and offers great advantages in corridor identification and routing, especially if you work with multiple geodata. Gilytics’ Pathfinder definitely speeds up planning processes for several weeks up to months depending on the existing know-how and the project requirements. In particular, for users who do not program themselves, the software represents an enormous benefit, as the nocode environment is easy to handle. So Gilytics’ Pathfinder provides almost every team member with a possibility to calculate corridors as an estimate for optimal routing in planning phases. Results can be visualized, documented and easily exported. This way, team capacities can be distributed much more flexibly, and a lot of time can be saved. Frank Dünkel, Head of Digital Solutions Arcadis Germany GmbH “With Pathfinder we can save 3- 6 months planning time on our large projects in Germany. On our initial project, the results from Pathfinder aligned 95% with conventional methods which was great to see.” Reinhard Hüttner / Project Manager TenneT TSO Germany Mit Pathfinder haben wir ein ideales Werkzeug gefunden, um in der Vorplanung von Infrastrukturprojekten Korridore oder potenzielle Trassenverläufe für unsere Kunden berechnen zu können. Unsere GIS-Experten schätzen die vielen Konfigurationsmöglichkeiten und schnellen Rechenzeiten, unsere Partner die einfache Bedienung und unsere Kunden den Web-Zugang und die zeitnahen Resultate mit umfangreichen Ergebnissen zur Entscheidungsfindung. Thomas Schierbaum / CEO A+S Umwelt Energie / Environmental Planner Germany Gilytics allowed us to challenge our current way of working in our digitalization process. The close collaboration helped us to build up knowledge and improve our engineering services. This is another step forward to drive the transition to a clean energy future. Thomas Frey / Head Projects and Offers Axpo Grid AG / DSO Switzerland The 3D Decision Support System improves public involvement in grid expansion projects because it quickly computes alternative routes for new power lines. It makes line planning more efficient and more transparent which may lead to a better acceptance of the projects. Joshu Jullier / Communication Manager Swissgrid / TSO Switzerland Working together with the Gilytics team is a great experience. Their software Pathfinder gives our team a comprehensive overview of different line options which makes the overall process more efficient and helps us to better manage project costs. Thomas Erb / Asset Manager Energy Infrastructure SBB / Rail Operator Switzerland Pathfinder is a wonderful tool that allows us to search for optimal route for a new project in a few mouse clicks. On the top of that, its flexibility and visual representation option makes it easy to enter into dialogue regarding alternatives with external stakeholders. Ilse Tant / Chief Public Acceptance Officer Elia Group / TSO Belgium We offer a free trial and paid subscriptions depending on the features and support you need. Your name Your email Accept Privacy Policy About Us Contact Us Jobs Privacy Policy Management Policy Information Security External Code Pathfinder Esri ArcGIS Add-in Services Use Cases Engineering & Renewables Power & Utilities Rail Case Studies Video Tutorials FAQs Gilytics AG, Hafnerstrasse 24, 8005 Zürich, Switzerland Registration Number CHE-326.677.743 Functional Functional Always active Functional Functional Always active The technical storage or access is strictly necessary for the legitimate purpose of enabling the use of a specific service explicitly requested by the subscriber or user, or for the sole purpose of carrying out the transmission of a communication over an electronic communications network. Preferences Preferences Preferences The technical storage or access is necessary for the legitimate purpose of storing preferences that are not requested by the subscriber or user. Statistics Statistics Statistics The technical storage or access that is used exclusively for statistical purposes. The technical storage or access that is used exclusively for anonymous statistical purposes. Without a subpoena, voluntary compliance on the part of your Internet Service Provider, or additional records from a third party, information stored or retrieved for this purpose alone cannot usually be used to identify you. Marketing Marketing Marketing The technical storage or access is required to create user profiles to send advertising, or to track the user on a website or across several websites for similar marketing purposes. Please leave this field empty. LinkedIn Twitter"
https://www.geyserbatteries.com/news,10/23/2023 16:25,Geyser Batteries completes €1M seed round The round was led by Voima Ventures. The world’s most sustainable high-performance batteries are water-based and will be produced in Finland.​ READ MORE
https://www.geyserbatteries.com/whitepaper-download,10/23/2023 16:25,"High power post-lithium battery modules by Geyser Batteries Download our white paper to discover more. By downloading our white paper, you agree the terms and conditions of our Privacy Notice​. News & Media We deliver a whole new class of batteries through our disruptive electrochemistry that combines the principles of supercapacitors and batteries in a single electrochemical system. Our batteries are extremely fast-charging, completely safe, very powerful and ultra-durable with extra-low carbon footprint. The fastest-charging batteries on the market with a lifetime of more than a million life cycles and high power make them iIdeal solution for hybrid electric machinery, especially for heavy-duty applications, e.g. mild-hybrid on- and off high-way and other commercial vehicles. fast-charging safe powerful ultra-durable extra-low carbon footprint The fastest-charging batteries on the market million life cycles hybrid electric machinery Download our white paper to discover more. Privacy Notice​."
https://www.geyserbatteries.com/events,10/23/2023 16:25,"WHERE TO MEET US Due to the current situation related to COVID-19, numerous companies and event organizers have been obliged to postpone, reschedule or even cancel events. We expect to participate online in some of the events, after consideration and according to given guidance."
https://www.geyserbatteries.com/mediaroom,10/23/2023 16:25,"NEWS & MEDIA Recent news and press releases News and press releases archive Logos Press photos Read all the latest news and information from Geyser Batteries and access our Media Kit with downloadable logos, pictures and press releases. Geyser Batteries completes over 1M€ bridge round June 03, 2021 Clean Propulsion Technologies Consortium for sustainable transport innovations May 21, 2021 Geyser Batteries chooses Mikkeli for battery production plant May 06, 2021 Finland's new Battery Strategy to support climate goals January 27, 2021 Independent assessment confirms lowest-in-class carbon footprint January 20, 2021 New members in Geyser's Board of Directors December 21, 2020 Battery manufacturing industry representative December 16, 2020 Winner of Energia2020 competition October 21, 2020 Top-3 in Nordic Cleantech Open September 30, 2020 Geyser Batteries completes 1M€ seed round led by Voima Ventures: the world’s most sustainable high-performance batteries are water-based and will be produced in Finland. December 09, 2019 Our logo is inspired by the pure beauty of Nordic nature: sustainable, powerful and durable. The same as our batteries are designed to be. The logo needed to also reflect the core technology we use in our novel batteries, the blue striped waves represent aqueous electrolytes in a bipolar design. DOWNLOAD LOGOS Press kit"
https://www.geyserbatteries.com/career,10/23/2023 16:25,"SUSTAINABLE ELECTRIFICATION STARTS WITH YOU IT'S ALL ABOUT HAVING THE RIGHT PEOPLE ON BOARD Are you our next... 1.8.2023 Design Engineer, production equipment Geyser Batteries is developing fast, and we are always looking to stack up with ambitious industry professionals with relevant expertise to boost the transition to sustainable energy storage. Check out our openings below, or send your open application to hr@geyserbatteries.com. We believe in the world of entrepreneurs who are fast-moving, proactive, hands-on people. If you're one of those and want to do something extraordinary, now is the opportunity. Our diversified team is genuinely built by world-class professionals with the best talent out there. We are always open for talented electrochemists, sales engineers and energy storage product managers to join us for research and product development, building up on one of the most innovative energy storage technologies of today. If you are up for the challenge and feel fit for the job, please get in touch at hr@geyserbatteries.com. Geyser Batteries is an equal opportunity employer. Learn more about our commitments to Diversity & Inclusion here Diversity & Inclusion Policy By applying for an opening, you agree the terms and conditions of our Privacy Notice​. Didn't find what you looked for? Nevertheless, we are more than happy to learn to know you! Feel free to reach out by email at hr@geyserbatteries.com and share your knowledge and personality. Share We are always open for talented electr ochemists , sales engineers and energy storage product managers to join us for research and product development, building up on one of the most innovative energy storage technologies of today. If you are up for the challenge and feel fit for the job, please get in touch at hr@geyserbatteries.com. hr@geyserbatteries.com Diversity & Inclusion Policy By applying for an opening, you agree the terms and conditions of our Career openings"
https://www.geyserbatteries.com/faq-s,10/23/2023 16:25,"FREQUENTLY ASKED QUESTIONS Practical Questions Technical Questions Commercial Questions Leave your question How quickly do Geyser Batteries charge? Do Geyser Batteries heat up a lot? Are they hazardous in this respect? Can Geyser Batteries be completely discharged? How often can you charge Geyser batteries? What is the size and the form factor of a Geyser battery? What is a typical ESR of Geyser Batteries? What is specific energy demonstrated by your products? When can we use Geyser Batteries in our products? What is the price for Geyser Batteries? Looking for some answers? Below is some of the most common questions we’ve been asked. Did not find what you’re looking for? We're here to help. Geyser Batteries charge to full state in minutes, in some cases in seconds. They are the fastest-charging batteries on the market. No. Geyser batteries do not heat up a lot and are not hazardous. First of all we use water as a base for electrolytes, so Geyser Batteries are inherently fire safe and do not show thermal runaway as other technologies do. Secondly, heating up during normal operation is quite limited compared to other battery technologies due to a large effective cross section (current flow) in the cells. Thermal management in general is rather simple in Geyser Batteries. The reason for both advantages is the bipolar cell design. Yes. Geyser Batteries can be safely discharged down to zero volts and it does not affect the lifetime of the device. Geyser batteries can be charged and discharged hundreds of times per day and up to 1 million times over lifetime. The bipolar cell design generally allows for high flexibility of the shape and form of the battery. Our cells are essentially a stack of very thin sheets of electrode and separator materials and the cells can also be stacked on top of each other, getting connected in series and forming a cellblock with desired voltage level. This means we can reach rather high voltages in very confined spaces. To give you an example: a 48V cellblock can be built a little over 1cm thick. Thanks to bipolar technology our cells and cellblocks have a large effective cross section and therefore show a very low ESR - in the range of few mOhm at module level. Specific energy of Geyser Batteries may vary from single digit to dozens of Wh/kg on module level. Our Electrochemical system allows for fine tuning of power vs. energy - depending on the requirements of the target application. Last year we successfully automated the cell assembly process and are working on implementing the technology in a pilot line assembly line. Currently we produce our batteries in small batches for proof of concept (POC) projects and lab testing. But in 2023 we will ramp up the production capacity to supply large pilot installations, customer design-ins and small series. So if you already have an application in mind, we probably better start talking about your requirements now. In the future we will also offer licenses to produce our batteries locally around the globe. With the installation of our pilot production line we will be price competitive with our major competitors (Supercapacitors) from day one - even at small volumes. We expect to expand our cost advantage up to 50% in 5 years. The reasons for the cost advantage is the use of common materials and a robust and efficient production process (no drying process, no clean rooms, low energy consumption) with low CAPEX. Submit"
https://www.geyserbatteries.com/about,10/23/2023 16:25,"FOR SUSTAINABLE AND ACCOUNTABLE FUTURE Contact Vision and mission Join the GEYSER VIP list The future is electric. The full life cycle of an electric solution is what counts when measuring the positive impact it creates on the planet. Geyser Batteries is a technology company incorporated in 2018 to scale up production and expand adoption of disruptive and sustainable high-power heavy-duty energy storage invented by our founding team through their 25+ years of innovation, product development and industrialization work within the energy storage sector. Today, Geyser Batteries is setting up the production line in Finland. In parallel we have already the capability to deliver sample products to our customers. We are more than happy to discuss your specific applications and how Geyser Batteries could bring additional value to You. Geyser Batteries is being built with a vision that by the end of the decade, our technology is the primary choice for the high-power energy storage market. Our continuous innovation leads the transition to a circular economy. Our mission is to enable sustainable and inclusive electrification. Geyser Batteries Oy Insinöörinkatu 5 50150 Mikkeli Enquiries: inbox@geyserbatteries.com Products and sales: sales@geyserbatteries.com About Geyser Geyser Ba tteries Oy Insinööri tteries Oy Insinööri nkatu 5 Finlan d Enquiries: inbox@geyserbatteries .com sales@geyserbatteries.com"
https://www.geyserbatteries.com/design-engineer,10/23/2023 16:25,"Design Engineer, production equipment Mikkeli What is this job about? Who we are? What do we offer? What next? 1.8.2023 We are recruiting new superheroes in our R&D team! If SolidEdge and Autodesk Inventor sound like something you use on a daily basis, and at the same time you have passion for new technologies and innovation, then we are waiting just for you! By joining Geyser Batteries as Design Engineer, Production Equipment, you will be contributing to the design and development of unique equipment for manufacturing of innovative batteries, developed and patented by Geyser Batteries. While we expect you to have 3-5 years of relevant experience in designing production equipment as well as possession of hands-on skills (such as welding, electrical assembly, milling), we also appreciate your desire to approach new challenges with a fresh perspective. Knowledge and experience of developing technical documentation (at least 2 years) and using SolidEdge, SolidWorks, Autodesk Inventor (including use of calculation modules) are a prerequisite to succeed in this role. Excellent English written and oral communication skills are expected. In this position, your daily responsibilities could include: Developing and fine tuning the design of automatic assembly equipment; Contributing to the development of design of the production line for manufacturing of a new class of high-power batteries; Preparing technical documentation in accordance with industry standards. If you see that this could be your day, you love solving technical challenges and have a passion for sustainability, be sure to apply. While we appreciate your university degree in a field of engineering, we are even more interested in you and your ideas and skills. Geyser Batteries develops and produces a new class of high-power and high-cycling batteries, ideally suited for fast energy storage, especially in the power grid sector. We are financed by the leading Finnish industrial investors and supported by Business Finland. Our technology is set to be a game changer in the transition to 100% renewables-based power grid by providing fast-storage batteries with a minimal cost per charge, lowest in class greenhouse gas emissions, maximum safety and ease of recycling. Having started at the end of 2018, we are now working for and with major customers and partners, like Ørsted, Shell and Fraunhofer, and are active in various research&innovation organisations at the European level. We pay at market rates. Our growth expectations are remarkable and based on your personal growth and success in the position, you may expect your role to evolve accordingly based on your interests and skillset. Long-term financial and organizational compensation can be expected in this start-up environment. As a company, we are always curious, eager to learn from each other, and foster new ideas to grow as a team towards the new heights. Our team is diverse, energetic, and supportive, and we come to work every day because we see how big of an impact we are going to make on the global transition to net-zero. Does this sound like the perfect position for you? Send your brief CV to jobs@geyserbatteries.com asap and share with us why you think this role is good for you. If you have questions regarding the job and want to have a chat first, do not hesitate to contact us using the same email above. Geyser Batteries - R&D Center Insinöörinkatu 5 50150 Mikkeli Finland . jobs@geyserbatteries.com"
https://www.geyserbatteries.com/markets,10/23/2023 16:25,"MAKE ELECTRIFICATION SUSTAINABLE e-Mobility Hybrid industrial Grid stabilization & Renewables Electrified future. The global economy is in the middle of an energy transition. Our aim is to support this transition by offering sustainable and cost-efficient high-power energy storage that has minimal CO2 footprint - during the entire lifetime of the product. Geyser Batteries outperform supercapacitors by all parameters and compete strongly against li-ion systems optimized for high power, making our power batteries the best solution for a variety of transportation applications, including cold cranking, mild-hybrid powertrains, start-stop systems, opportunity-charged electric buses, etc. From cranes to stackers, forklifts to generators, Geyser Batteries present an unrivalled combination of power, reliability and safety for electric and hybrid electric machinery. Our power batteries remain powerful and functional in any environment – with the ability to work in a wide temperature range. Our technology guarantees long life and absolute safety. The use of Geyser Batteries is hassle-free, as they are easy to manage thermally and require hardly any maintenance, thereby slashing your system’s operational costs. Geyser Batteries offer energy storage capabilities that rival lead-acid batteries while providing millions of charge-recharge cycles at high power levels, providing longer-lasting energy than supercapacitors and ultra-capacitors. This makes our batteries unique for a wide range of power grid applications, such as grid stabilization, with operating timescales ranging from seconds to days. Geyser Batteries outperform supercapacitors by all parameters and compete strongly against li-ion systems optimized for high power, making our power batteries the best solution for a variety of transportation applications, including cold cranking, mild-hybrid powertrains, start-stop systems, opportunity-charged electric buses, etc."
https://www.geyserbatteries.com/technology,10/23/2023 16:25,"POWERING THE TOUGHEST USE CASES Green manufacturing Safe technology Sustainable energy storage Download white paper By downloading our white paper, you agree the terms and conditions of our Privacy Notice. Geyser Batteries deliver power where other energy storage solutions fail: sustaining over a million of deep-discharge cycles at ultra-high power in extreme ambient conditions. Based on widely available chemical materials and using water as a solvent for electrolytes, our power batteries pose no fire/explosion hazard. Aqueous electrolytes also result to less energy-extensive manufacturing process, which is a major difference to manufacturing supercapacitors and Li-ion batteries based on organic electrolytes. Therefore, our products are uniquely sustainable. Furthermore, with their long life and over a million charge-discharge cycle capability, Geyser Batteries produce less waste over time. Geyser Batteries are designed to outperform some of the best high-power energy storage solutions available today. Backed by decades of research, development and technological advancement, our products combine the energy storage capability of batteries with the durability and ultra high power performance of supercapacitors in a single electrochemical system. Our power batteries push the boundaries of electrochemical energy storage capabilities in terms of the number of charge-discharge cycles, operational temperature range, and they are recharged almost instantly every time. They require no maintenance and are easy to keep cool, thanks to their planar internal structure. The bipolar design used in Geyser Batteries results in the largest possible cross section for internal current across the whole device. Bipolar design guarantees also uniform current density on electrodes. These unique features contribute to low and uniform heat generation which is easy to control. For a customer this means a long and healthy battery life with no maintenance required along the way. EXPLODED VIEW By downloading our white paper, you agree the terms and conditions of our Privacy Notice. Download"
https://www.geyserbatteries.com/power-grid,10/23/2023 16:25,"POWER GRID Enabling Renewables and Electrification The rapid electrification in all areas of human life is increasing the demand for electrical power in all Power Grids - from large grids to micro grids and islands. Immense cost improvements for renewable energy is driving an exponential growth of the renewable share in the energy mix of most countries. And this is negatively impacting availability and stability of the Power Grid - ranging from frequency fluctuations to black outs. So the transition to a low carbon society is creating challenges for the Power Grid on the supply and the demand side at the same time. This is putting energy storage at the heart of a stable Renewable Power Grid. And the requirements for storage duration vary from milliseconds up to months. Geyser Batteries are capable of being recharged in seconds to minutes and maintain continuous high power at discharge - ideally covering storage durations of milliseconds to minutes. Geyser Batteries consist to a large extent of recycled or sustainable materials, are manufactured very energy efficient, provide a long product lifetime and can easily be recycled after use - reducing the carbon footprint throughout the life cycle to a minimum. ​Geyser Batteries require no maintenance while being charged and discharged up to a million times over lifetime - reducing the cost for energy stored to a minimum. Geyser Batteries can be discharged to 0V, do not contain toxic or flammable solvents and can be safely shipped and disassembled - reducing the health and safety risk throughout the life cycle to a minimum Geyser Battery technology can be used on both sides of the meter to increase Power Grid robustness while saving cost and opening up new revenue streams for our customers. rapid electrification renewable energy stable Renewable Power Grid milliseconds to minutes recycled or sustainable materials carbon footprint cost for energy stored health and safety Geyser Battery"
https://www.geyserbatteries.com/transportation,10/23/2023 16:25,"TRANSPORTATION Sustainable Power Batteries for Life Geyser Batteries offer the transportation industry a sustainable solution to help OEMs to meet the toughest CO2 emissions standards. The unique combination of ultra high specific power (kWs per kg), durability (over one million cycles) and good energy density of over 10 Wh/kg achieved even at overly high discharge rate, makes Geyser Batteries an ideal solution for a wide range of applications. These include low-voltage mild-hybrids, high-voltage full-hybrid powertrains, cold-cranking power sources for large ICEs of diesel trucks and traction batteries for opportunity charged, fully electric buses, amongst others. Our power battery products can run through several million deep charge-discharge cycles and are highly versatile. They can operate even in the most demanding environmental conditions; for example, Geyser Batteries continue to perform in temperatures as low as -40°C. By using Geyser Batteries you can make sure that your vehicle will start easier, even in extremely cold weather, and continue to perform even during peak loads. Fire hazard is minimized using aqueous electrolyte - Geyser Batteries can guarantee unprecedented safety for your electrical systems. Heavy Machinery Check out our industrial power battery solutions. Power Batteries for Life"
https://www.geyserbatteries.com/heavy-machinery,10/23/2023 16:25,"HEAVY MACHINERY Reliable Power Battery for Your Machines As technology advances and hybrid machinery becomes the standard, the power batteries by Geyser Batteries can help reduce fuel costs and lower emissions by enabling most efficient heavy-duty electric systems. Whether working in parallel with IC engines in a hybrid configuration or acting as the energy storage of a fully electric system our power batteries offer unique power management capabilities by combining the energy density of a traditional battery with the longevity and high power capability of a supercapacitor. From cranes to stackers, forklifts to generators, Geyser Batteries present an unrivalled combination of power, reliability and safety for electric and hybrid electric machinery. Our power batteries remain cool, powerful and functional in any environment – with the ability to work through temperatures as low as -40°C. They guarantee the fire-safety of your energy storage subsystem, helping to reduce cooling- and safety-related costs throughout their long lifecycle. Check out our transportation battery solutions. Power Grid Check out our grid battery solutions. Learn More"
https://geyserbatteries.com,10/23/2023 16:25,"TAKING CHARGE OF THE FUTURE Technology Recent news About us Join the GEYSER news list By subscribing to our news list, you agree the terms and conditions of our Privacy Notice. Home Markets Careers More Geyser Batteries offers sustainable high-power heavy-duty energy storage solutions based on novel proprietary water-based electrolyte and unique engineering and manufacturing know-how. POWER BY PURE WATER Geyser Batteries was founded in 2018 to commercialize 25+ years of continuous innovation in energy storage, and to launch high-volume manufacturing of safe and sustainable high-performance power batteries. Would you like to learn more about the technology behind our power batteries? Download our white paper. SUSTAINABLE ​ POWERFUL DURABLE Geyser Batteries Oy Insinöörinkatu 5 50150 Mikkeli Finland Tel. +358 9 424 11451 inbox@geyserbatteries.com About NEWS Transportation Sustainable Geyser Batteries BLOG Power grid Powerful Team EVENTS Heavy machinery Durable Location FAQ Download white paper © 2022 Geyser Batteries Oy - All Rights Reserved. Privacy Notice top of page LEARN MORE Batteries DOWNLOAD WHITE PAPER Join the GEYSER news list By subscribing to our news list, you agree the terms and conditions of our Privacy Notice. SUBSCRIBE Applications Geyser Batteries wins the New Energy Challenge November 1, 2021 Energy Foundation granted funding for Geyser Batteries September 24, 2021 Sustainability review sets a roadmap and highlights the work done August 30, 2021 European Commission's response to climate change is a gamechanger for the battery industry July 16, 2021 bottom of page We use cookies on our website to improve the user experience. By accepting, you agree to ourPrivacy Policy"
https://geniess.io/our-platform-2/,10/23/2023 16:25,"Accelerate your energy storage deployment today We enable better distributed energy storage Technology agnostic ensure you reach the solution that works best for you We help enable battery developers and integrators to accelerate their business and enhance their value-add Talk to us to learn how we can help accelerate your business Better decision-making matters Forecast revenues and test future assumptions Generate granular pictures of potential operation Understand the robustness of each business case Accelerate time-to-value, right-size the system for each specific installation, and validate the business case easier, faster, and better than ever before. Leverage the data you already have to build a better, more robust understanding of each potential ESS installation. Leverage our easy-to-use cloud-based simulation tools to accurately and robustly understand each potential energy storage use-case. Geniess enables you to visualize how your ESS installations can generate revenue, including peak-shaving, arbitrage, local backup, and other services tailored for your specific utility & regulatory context Understand how different algorithmic approaches impact both the business case and the end-user across a wide range of generated and user-defined scenarios. Bankability starts with understanding risks and return potential. The Geniess software enables you deeper, more nuanced understanding of potential and probable economic outcomes. The future growth of energy storage will be defined by getting things right – the right end-use installations, the right system selection, and the right algorithmic operation. Geniess iteratively tests this arrangement ensuring you get these right the first time. This is critical in ensuring your energy storage investments are bankable before the investment decision is made. This matters because accelerating these capital-intensive investment requires better understanding of the future revenue risks. Today, the market for battery energy storage is in rapid growth driven by falling prices and advancing innovation. In an attempt to enter a new field of renewable technology, many companies struggle to clearly answer the question of the right battery and to what degree the investment is profitable. That is why we are building Geniess. We are here to help companies make data-backed decisions to ensure profitability and bankability in their energy storage & microgrid investments. Whether it is NMC, LFP, or vanadium flow batteries; or even H2 or A-CAES, our software enables optimization & revenue benchmarking most major ESS technologies. The Geniess platform helps you understand the optimal way to operate the ESS and its forecast associated savings and revenue. Geniess is fast and easy to use, enabling proactive identification of the right end users. Match the ideal system faster than ever with our right-sizing tools. Generate a quantified value-add based in granular simulation & include different control strategies. Our iterative, cloud-based simulation tools automatically test edge-cases and risks, helping you find a bankable, robust solution for every end user. I am interested in energy storage for my commercial properties or industrial facilities I am interested in accelerating my energy storage and/or microgrid installation business Who are the right customers in my markets? What system is right for each customer? How do I communicate an objective added value? What are each customers risks and sensitivities?"
https://geniess.io/consulting-services/,10/23/2023 16:25,"Bespoke analysis services Geniess analysis services include: We’re here to help you find the right BESS & microgrid configuration for every case. Get unique insight into the profitability of each ESS investment Geniess is here to help​ Geniess extensive experience with Energy Storage Systems helps your company launch projects of any scale Get an easy start with Geniess now Business case benchmarking & optimization System simulation & impact assessment Risk modeling & sensitivity testing Portfolio prioritization & evaluation Our analysis services leverage our cutting-edge analysis tools to address your specific challenges in energy storage & microgrid development. We support portfolio evaluation & prioritization, business case optimization & benchmarking, site selection, and improved understanding of the system impact and savings. Geniess takes a customer-first approach to help you supercharge your energy storage development by enabling easier, faster and better decision-making. Struggling to make the economics work for a specific installation? Need a sense-check from what suppliers have quoted? Explore the options to best understand potential operation in advance of your investment decision! How will an installation work with the rest of your power system and how does your choice of control strategies & priorities influence this? We can help you get a better understanding, earlier, of where your risks & opportunities are. One of the greatest uncertainties in energy storage investments is the future market. Contact us to iteratively test operation & get a nuanced understanding of what outcomes are probable and how your decisions today might influence future revenue. Have more than one installation in mind? Evaluate dozens or hundreds of potential installations to find out what installations make the most sense, where to prioritize future installations, and where your portfolio risk lies. Geniess combines leading expertise in batteries and software to enable better decision making for energy storage system developers in an increasingly complex power & grid services market. By leveraging the Geniess cloud-based analysis tools, we offer unique insights into future value & risk by enabling clients to manage risk, understand the value-stack and secure bankability. Our business-case centric approach ensures that your bottom line is always prioritized. Conclusions based on averages or Excel are not precise enough to secure bankability. Aggregate numbers are not useful when evaluating prospects for energy storage, because identical buildings can have completely different energy usage. Geniess helps our clients understand how their consumption drives costs today, how different ESS or microgrid arrangements might impact their consumption, and how to optimize the overall system to ensure a robust understanding of the future cost- and profit-drivers of their power systems. For industrial facilities or property developers with specific objectives in mind, our consulting services can help understand how the right control strategies can prioritize what matters most – and what the economic impact will look like. Local backup services & UPS functionality, peak shaving and grid tariff avoidance, and enabling voluntary disconnection are all emerging use cases that can generate significant value in the right circumstances. For battery energy storage & microgrid developers, we can benchmark ESS technologies and control strategies to help you understand how you can provide the most value to your customers – and help you understand who the right customers for your systems are in advance, accelerating project development and sales and enhancing your ability to deploy. Our services help energy storage developers identify the right customers, right-size battery storage installations, and optimize the overall business case & system configuration. Contact us today to supercharge your energy storage business. We enable 24/7 clean electricity. Free introduction to our services No obligation to buy More Details Free demo​ Cancel at anytime​ Our software About us Quantify the impact Advanced coaching Understand the performance of ESS Try for FREE"
https://geniess.io/about-us-2/,10/23/2023 16:25,"Geniess was founded in 2021 with a simple mission: To enable 24/7 clean electrification via accelerating distributed energy storage. What we do We accelerate the the energy storage revolution by enabling better decision making for battery storage developers Our team Our values shape how we deliver Geniess is supported by: Mission Impact-driven Collaborative Passionate Ambitious Trusted Energy storage is increasingly becoming an essential part of our energy system. From ensuring that variable renewable energy, such as solar and wind, can produce when consumers need it most to unlocking new forms of electrification, such as fast chargers for cars and even electric ferries. Energy storage forms the keystone of a complete clean electrified energy system. However, problems remain that slow adoption & deployment of energy storage. Geniess was founded on the belief that better modeling can be used to understand & optimize the business case of a battery storage developer, enabling more profitable projects & accelerated adoption. Geniess combines world-leading expertise in batteries and software to enable better decision making and faster decarbonization. The rapid decrease in costs of energy storage systems has made them more relevant than ever as part of our future energy system. However, with their versatility comes significant complexity. Geniess makes it easy to understand the economic potential of energy storage & microgrid investments; forecasting revenue, understanding the potential value stack, and modeling economic risk. This ensures these projects are bankable & value-adding earlier in the decision process. Our shared values and beliefs feed our mission of accelerating the battery energy storage transition. Our team is building leading expertise in batteries and software. Together we inspire, support and set each other up for success. We believe the best way to have impact is to enable robust insight into the value and risk of energy storage, informing investment decisions and unlocking future bankability. The needs of society far outpace the ability of any one company or organization to deliver. At Geniess we believe in a collaboration-first approach, solving problems together to accelerate electrification globally. We believe what we do matters and are passionate about our role in the global energy system. Real impact comes from making the impossible, possible. We aim big and try to make a difference every day with our colleagues and customers. Nothing is possible without trust. We ensure that our customer always comes first and that we can build the trust needed to make an impact. About our team Our values LinkedIn Mail Passionate We believe what we do matters and are passionate about our role in the global energy system. Learn more about our partners"
https://geniess.io/careers-2/,10/23/2023 16:25,"Are you ready to join our team? Make an impact that matters Eager to solve challenging problems that matter? Geniess offers more Opportunity Paid holiday Equity opportunities Central office Social gatherings Flexibility & well-being Behind Geniess Join Geniess and help accelerate the battery revolution. We’re a team of passionate professionals working hard to enable 24/7 clean electricity. We aim to solve big problems by working across disciplines and setting ambitious goals. At Geniess we’re always looking to expand our team with exceptional talent motivated to have an impact. If you’re interested in learning more, please reach out below or apply to specific positions via the links under. We are currently hiring the following positions. Apply via the links below: For other positions, please send an open inquiry here: We want you to thrive both inside and outside of work. We value learning and attitude. With us you get the ability to grow, develop and learn. Our passion is lifting those around us through development opportunities, projects with impact, and autonomy to shape tasks & solutions. We ensure that all of our team has the opportunity to take paid holiday, ensuring time to rest and recharge is treated just as importantly as time at work. We believe everyone deserves a stake in the future we are trying to build. As such, we ensure that options or direct equity are possible for all team members at Geniess Easy access and friendly workplace in central office, right by the sea. We are located at Filipstad brygge 1, 0252 Oslo. Social gatherings and games; hang out with your colleagues. A good work environment and a good social environment can enable each other. Carve out time for your kids, friends and personal side projects. We also allow for remote and hybrid work if needed. … and even more Learn more about us and our values Learn more about our team and our values"
https://geniess.io/contact-us-2/,10/23/2023 16:25,Contact us Looking to learn more? Visit our FAQ or reach out below.
http://geniess.io,10/23/2023 16:25,"Geniess enables simpler, faster, and better energy storage investment decisions We’re here to enable better distributed energy storage Simpler Faster Better The tools you need to accelerate your business case Geniess helps your company launch projects of any scale The explosive growth in Energy Storage is just starting Supercharge your energy storage business today. BETTER DECISIONMAKING MATTERS Our platform enables better understanding of the business case & performance of energy storage assets earlier in the decision process. We enable developers to accelerate their business and improve project returns. What system capacity is right for each potential installation? What are the potential risks to future revenues? What services should the system provide to maximize the value-add? Export actionable insights Register to start optimizing your energy storage system projects We value your privacy We use cookies to enhance your browsing experience, serve personalized ads or content, and analyze our traffic. By clicking ""Accept All"", you consent to our use of cookies. No cookies to display. Our software helps battery storage system developers identify the right customers, right-size battery storage installations, and optimize the overall business case & system configuration. This means their clients can make battery decisions easier, faster and more profitable – meaning more positive investment decisions and tangible bottom-line impact. Avoid external consultants and use the information you already have to build a full business case and risk assessment Test economic assumptions and system configurations in seconds, accelerating customer discovery Optimize project returns and mitigate economic risks early, resulting in more positive investment decisions and increasing project margins “We believe that a more robust understanding of value potential and risk is key to unlocking bankability & accelerating deployment of energy storage.” An ESS is an expensive, long-term investment. This makes it critical to right-size the energy storage system from the beginning – avoiding additional retrofitting or system over-sizing. Understanding value and risk is essential to enabling bankable ESS installations. Our platform enables more robust understanding of the sensitivities and risks earlier in your decision process, enabling up-front system optimization. We help our customers understand what drives their cost and needs today and how an ESS can help solve this. By understanding the optimized value stack in advance, returns are not only improved but the business case itself becomes more robust. Accelerate your decisionmaking today and enable smarter energy storage deployment. Our software and consulting services accelerate your time-to-value and enable improved returns and bankability. One of the core capabilities which separates Geniess from other software tools and companies is the integrated work-flow and system level configurations. Industrial-scale energy storage systems are a critical element of the energy transition and decarbonization of industry. The market for Energy Storage Systems (ESS) is expected to grow to $425 billion globally by 2030. Utility-scale battery energy storage system (BESS) installations in the US grew 196% to 2.6GW in 2021. © Geniess AS 2023 SEB Scalesenter; Filipstad Brygge 1, 0252 Oslo Search Our platform Advisory services Learn more about our platform Easier decision-making Portfolio-level prioritization & evaluation Advanced value stack simulation Forecasting and scenario testing Improve project returns Learn about our bespoke analysis services here Get Started Toggle Menu Close Search for:"
https://www.flexibility.no/seks-gode-grunner-for-at-ditt-borettslag-og-sameie-bor-velge-flexibility/,10/23/2023 16:25,Seks gode grunner for at ditt borettslag og sameie bør velge Flexibility
https://www.flexibility.no/book-a-meeting/,10/23/2023 16:25,Book a meeting
https://www.flexibility.no/press-no/,10/23/2023 16:25,Pressemelding
https://www.flexibility.no/press-uk/,10/23/2023 16:25,"Press Release – 18th October 2023: Today, we have upgraded two powerful 350 kW chargers from ABB with our Flexibility Fleet. These chargers will greatly assist the clients of Volvo Truck Center Oslo. We will also test various payment methods to ensure a more convenient experience. Exciting news: We’re thrilled to announce our full support for Vestel chargers! Our first apartment building will be joining us this week, with 21 chargers delivered by a bigger energy company/CPO. The site owner has chosen our cost-effective, intelligent, and superior service for their charging needs. And to make it even better, we’ll be upgrading the chargers with our improved software. Get ready for an exceptional charging experience! Press Release – 14th June 2023: Google Inc. is generously providing us with free machine power for the next few years! We’re grateful to Google for their commitment to the environment and for enabling our eco-friendly EV charging. Thank you so much, Google! Press Release – 24th April 2023: We’re thrilled to unveil our cost-effective, eco-friendly charging solutions, now accessible to all new customers. We recently launched a new site on 21st April, that will contain 200 state-of-the-art Schneider chargers, generously backed by Selvaagbolig – a renowned residential developer in Norway for more than seven decades. We’re delighted to lead the way in sustainable housing advancement. Equipped with top-of-the-line Schneider chargers, we’re excited to provide groundbreaking charging experiences, starting with our guest of honour, the impressive NIO ET7 Press Release 11th April 2023: Flexibility is converting debt to stocks. We are thrilled to share the exciting news that our company has taken a flexible approach to converting debt into stocks. We convert our convertible loans and welcome our new owners, who played a significant role in supporting us throughout 2019 and 2020. We are immensely grateful for your support and look forward to a prosperous future together. Warm regards, Lars Holmefjord, CEO Press Release 31th March.2023: Stay Connected with SMS Alerts for Charger Sessions Today, we are thrilled to announce the launch of our new SMS service. This service keeps all our clients connected and informed about their charger sessions. With this service, you will receive an alert if your charger session is not working correctly. Our CEO, Lars Holmefjord, said “ We are delighted to offer this new service to our customers. Our priority has always been to provide the best possible customer experience and this new feature helps us do just that.” The SMS service is also helpful for caretakers and electricians who want to know if their charging sites is functioning properly. Not only does it give them peace of mind but it also allows them to take necessary steps in a timely manner in order to ensure smooth operations at their charging sites. This new feature offers several benefits including: Instant notifications when there’s an issue with your charger session Easily troubleshoot problems without having to be on-site Quickly identify any issues with the charging site Remotely monitor the status of your charging site from anywhere The SMS alert system will help you stay connected and informed about your charger sessions so that you can rest assured that everything is running smoothly. Our senior developer, Phill, commented We understand how important it is for our customers to have reliable access to their charging sites and this new feature helps us ensure that they get the best possible experience while using our services”"
https://www.flexibility.no/app/,10/23/2023 16:25,Download our iOS app from the link Download our Android app from the link All chargers supported by Flexibility can be managed by our iOS or Android App. Use provided username and password to manage your charger.
https://www.flexibility.no/order/,10/23/2023 16:25,"Do you want more information, or do you want to order installation? You can get further information or order our next-generation smart charging by – E-mail us at post@flexibility.ai or call us +47 97 33 99 77 B. Norwegian clients living in a site we operate (private users) can order installation by using the form below C.Norwegian/Swedish/Danish clients (Site owners/companies) can order directly using the form below."
https://www.flexibility.no/system-status/,10/23/2023 16:25,We publish our system status on the following page: https://flexibility.appsignal-status.com/
https://www.flexibility.no/no/,10/23/2023 16:25,"Flexibility Norway Zaptec Pro Schneider AC Pro Ladestolpe Easee Charge Smart ladesoftware for borettslag, sameier, elbil-eiere og bedrifter Vi gjør det billigere og enklere for deg å lade elbilen din enn noen gang før. La oss hjelpe deg med å spare penger og tid mens du gjør en god ting for miljøet samtidig. Seks gode grunner for å bruke Flexibility programvare (link) Ladere vi fører til borettslag, sameier og bedrifter *Ta kontakt med oss på post@flexibility.ai for et partner-tilbud til ditt sameie, borettslag eller bedrift. Hvis du bruker en lader i et borettslag/sameie eller du kjører en flåte kjøretøy styrt av Flexibility, kan du laste ned vår App from AppStore og Google Play (link). Vår intelligente lade-logikk og ladestyring er også bygget inn i flere av våre partneres løsninger. Intelligent lading for borettslag og sameier Hvis du bor i en leilighetsbygg, borettslag eller et sameie, kan det å lade din elektriske bil være en kostbar og frustrerende opplevelse. Du føler sannsynligvis at du betaler mer enn du bør for strøm og laderen. Men fortvil ikke, vår innovative og komplette løsning er her for å hjelpe deg. Vår smarte lade-løsning reduserer ikke bare energikostnadene, men forbedrer også den totale brukeropplevelsen. Med vårt effektive regnskapssystem, kan du nyte pålitelige tjenester, og samtidig opprettholde lavere kostnader. Vår løsning gir en vinn-vinn-situasjon for alle som bor i leiligheter, sameier og borettslag og som har elbil. Si farvel til overpriset lading og nyt elektrisk kjøring med oss! Seks grunner for at et sameie/borettslag skal velge Flexibility (link). Introduksjonsspris 45,- NOK/måned ! Ønsker du mer informasjon, et uforpliktende tilbud eller å komme i kontakt med oss? Klikk på lenken! Vi ser frem til å høre fra deg. Anvendt forskning og R&D Vi har testet og utviklet vår kunstige intelligens med data fra markedsledere slik som Trønder Energi, Ohmia, Circle K, NTE og Posten. Takk for forskning- og pilot-funding fra Innovation Norway, Oslo Municipal, Enova og Forskningsrådet. Intelligent lading til Posten AS Gjør deg klar for fremtidens lading! Vi har sammen med Posten testet og utviklet vår nye logikk for Post-terminaler. Vi fokuserer på å forbedre ladingen og logistikken for en større elektrisk flåte i daglig bruk. For mer informasjon se Kostnadsbesparelse med vår AI logic Når vi initialt evaluerte vårt system i 2019-2022 så vi at det sparte 5-20 % i forhold til markedsledende systemet. På grunn av økning av strømpriser opplever vi nå at mange kunder sparer fra 10-70%. Batteri helse Vår automatiske lade management vil forlenge batterilevetiden så mye som mulig. Våre kunder får enkelt tilgang til å vurdere batteri-helse for deres batterier. Som et resultat de trenger ikke ta bilen for verksted for å få gjort en kostbar og tidskrevende vurdering av batterihelsen. Rådgivning ved kjøp og installasjon Basert på vår omfattende ekspertise og erfaring hjelper vi våre kunder med rådgivning for å finne hardware som passer deres behov. Vi erfarer at vi kan spare våre partnere 10-35% i investeringsbeløp. Vi opplever at vi hindrer våre partnere i å inngå ugunstige innnkjøp. Er du klar for å koble din elektriske flåte? Vi er nå klare til å tilby selskaper i Europa, Asia og USA vår intelligente lading til selskaper med store flåter av ladere eller kjøretøy. La oss gjøre AIen vår til den beste globale løsningen. Kontakt oss på post@flexibility.ai eller telefon 97 33 99 77 Veil 14 900 NOK * Veil 18 900 NOK * Veil 4000 NOK * Veil 13 900 NOK *"
https://www.flexibility.no/de/,10/23/2023 16:25,"Flexibility Deutschland Intelligente Ladesoftware für Elektroautos und Flotten Wir haben die umweltfreundlichste, benutzerfreundlichste und intelligenteste Ladesoftware für Elektroautos und Flotten entwickelt. Wir machen das Aufladen Ihres Elektrofahrzeugs günstiger und einfacher denn je zuvor. Sechs gute Gründe, warum Sie die Flexibilitätssoftware nutzen sollten (link) Laden Sie unsere App aus dem AppStore und Google Play herunter, wenn Sie einen Ladeadapter in einem Apartmentkomplex nutzen oder ein Flottenfahrzeug verwalten, das von Flexibility betreut wird (link). Unsere intelligente Ladetechnologie und das Ladegerätemanagement sind auch in vielen Lösungen unserer Partner integriert und können entsprechend angepasst werden. Intelligente Ladetechnologie für Mehrfamilienhäuser Wenn Sie in einem Apartmentgebäude leben, kann das Laden Ihres Elektroautos eine teure und frustrierende Erfahrung sein. Sie haben wahrscheinlich das Gefühl, dass Sie für Strom und den Ladegerät mehr bezahlen als Sie sollten. Wir haben jedoch eine Lösung für Sie. Gott sei Dank ist unsere innovative Apartment-Logik hier, um zu helfen. Unsere intelligente Ladelösung reduziert nicht nur Energiekosten, sondern verbessert auch die gesamte Benutzererfahrung. Dank unserem effizienten Abrechnungssystem können Sie zuverlässigen Service und qualitativ hochwertiges Laden genießen und gleichzeitig Kosten sparen. Kurz gesagt bietet unsere Lösung eine Win-Win-Situation für alle Wohnungs-EV-Fahrer. Sagen Sie überhöhten Preisen beim Laden Lebewohl und genießen Sie das elektrische Fahrvergnügen mit uns. Sechs gute Gründe, warum Sie sich für das flexible Apartment entscheiden sollten. (link). Angewandte Forschung Wir haben unsere künstliche intelligente Lade-Software mit Marktführern wie Ohmia, Circle K, NTE und Posten getestet und weiterentwickelt Vielen Dank für die Forschungs- und Pilotfinanzierung von Innovation Norway, Oslo Municipal, Enova und Forskningsrådet. Intelligente Ladetechnologie für die norwegische Post Machen Sie sich bereit für die Zukunft des Ladens! Unser neues System wird in neuen Postterminals getestet und weiterentwickelt. Wir konzentrieren uns darauf, das Laden und die Logistik für eine umfangreiche Elektroflotte im täglichen Einsatz zu verbessern. Da wir unser System im Vergleich zu den Marktführern 2019-2020 evaluiert haben, haben wir gesehen, dass wir 5-20% bei Energie- und Netzwerkgebühren sparen können. Aufgrund gestiegener Marktpreise in den letzten Jahren können wir nun sogar bis zu 10-70% sparen. Batterie-Lebensdauer Unser automatisches Lade-Management verlängert die Batterielebensdauer so weit wie möglich und spart Ihnen dadurch viel Geld. Unsere Kunden können problemlos den Zustand ihrer Batterie überprüfen. Dadurch müssen sie nicht teure Inspektionen in der Werkstatt durchführen lassen. Basierend auf unserer umfangreichen Erfahrung und unserem Know-how unterstützen wir unsere Kunden mit unvoreingenommenen Ratschlägen bei der Suche nach Hardware, die ihren Bedürfnissen entspricht. Wir ermöglichen es unseren Partnern, 10-35% des CAPEX zu sparen und sie vor fehlerhaften oder ungünstigen Kaufverträgen zu bewahren. Sind Sie bereit, Ihre Flotte zu vernetzen?? Wir sind bereit, Unternehmen in Europa, Asien und den USA unsere intelligenten Ladesysteme für Unternehmen mit großen Flotten von Ladegeräten oder Fahrzeugen anzubieten. Lassen Sie uns unsere KI zur besten globalen Lösung machen. Du möchtest Kontakt aufnehmen? Schreib uns einfach an post@flexibility.ai oder rufe uns unter +47 97 33 99 77 an. Wir freuen uns auf deine Nachricht!"
https://www.flexibility.no/uk/,10/23/2023 16:25,"Flexibility UK Intelligent charging software for electric cars and fleets We have developed the most environmental-friendly, user-friendly and intelligent charging software for electric cars and fleets. We make charging your EV cheaper and easier than ever before. Six good reasons for using Flexibility software (link) App Store & Google Play If you use a charger in an apartment building or drive a fleet vehicle managed by Flexibility, you can download our App from AppStore and Google Play (link). Our intelligent charging engine and charger management are also white-labelled and built into several of our partner’s solutions. Intelligent charging for apartment buildings If you live in an apartment building, charging your electric vehicle can be a costly and frustrating experience. You probably feel like you’re paying more than you should for electricity and the charger. Thankfully, our innovative apartment logic is here to help. Our smart charging solution not only reduces energy costs, but also improves the overall user experience. With our efficient accounting system, you can enjoy reliable service and high-quality charging, all while maintaining lower costs. In short, our solution provides a win-win scenario for all apartment-dwelling EV drivers. Say goodbye to overpriced charging and enjoy electric driving with us. Six good reasons for selecting Flexibility Apartment (link). For further info, or if you want to order please get in touch with us through the link Applied Research We have tested and evolved our artificial intelligent charging software with market leaders such as Trønder Energi, Ohmia, Circle K, NTE and Posten. Thanks for the research and pilot funding from Innovation Norway, Oslo Municipal, Enova and Forskningsrådet. Intelligent charging for the Norwegian Postal Service Get ready for the future of charging! We are testing and evolving our new logic in new postal terminals. We focus on improving the charging and logistics for an extensive electric fleet in daily use. For more information, see Cost savings with our AI logic When we initially evaluated our system in 2019-2020 versus the market leaders, we saw that we saved 5-20% in energy and grid fees. Due to increased market prices in the last years, we can save as much as 10-70%. Battery health Our automatic charging management will prolong the battery lifespan as much as possible, saving you much money. Our clients get easy access to review the battery health of their battery. As a result, they don’t have to take the car to a car repair shop to carry out a costly and timely inspection of the battery’s health. Hardware Based on our extensive experience and know-how, we help our clients with unbiased advice to find hardware that fits their needs. We experience we save our partners 10-35% of the CAPEX and also prevent them from entering the wrong or bad purchase agreements Are you ready to connect your fleet? We are now ready to offer companies in Europe, Asia and the US our smart charging to companies with big fleets of chargers or vehicles. So let’s enable our AI to become the best global solution. Contact us at post@flexibility.ai or phone 97 33 99 77 Flexibility AS 919693673 MVA, Professor Dahls Gate 3, 0355 Oslo, Norway, App Store & Google Play LinkedIn"
https://www.flexibility.no/new-positions/,10/23/2023 16:25,"Company bio: At Flexibility, we’re on a mission to make the charging experience cheap, easy and environmentally friendly. Our team of developers have created a system that makes it simple for EV owners to charge their vehicles quickly and efficiently. Thanks to our partnerships with some of the world’s leading corporations, we’re well on our way to making this vision a reality. We’re committed to providing the best possible service for our customers and are always looking for new ways to improve. If you’re passionate about making a difference in the world, then Flexibility is your place! Open positions: 1 2 3"
https://www.flexibility.no/,10/23/2023 16:25,"Flex-solutions For apartment buildings, our software provides: For fleet owners, our solution provides: For fleet owners of busses, we provide: For grid companies, we provide: We provide services to several global partners and energy clients: Manufactures of vehicles and trucks Contact Info Our Services Cheaper charging Charging for a bus fleet Is your OEM company still many years behind Tesla in providing an excellent electric vehicle and a good user experience? You should test our solution and let us quickly improve your product. For OEM, we can provide: Vi har utviklet den mest miljøvennlige, brukervennlige og intelligente softwareløsning for elektriske kjøretøy og flåter. Address: Professor Dahls gate 3, Oslo, Norway. Call Us: 97 33 99 77 Email: post@flexibility.ai Mon – Fri: 8:00 AM – 5:00 PM Copyright © 2023 Flexibility Powered by Flexibility Order charging system New positions! Terms of Service System status App Press release Flag of Germany Main Menu An improved Battery Management System (BMS) Skroll til toppen"
https://enfasys.es/en/?wg-choose-original=false,10/23/2023 16:25,"Manage your energy Introducing Enfyo® The heart of your control system Project typology Customers and partners Design and engineering Digital transformation of the control system Simplify your asset management Isolated installations Individually connected Collective Connected Visit us at Contact Privacy summary Control and monitoring solutions for smart grids, with integration of renewable energies and battery storage. Prediction Renewable energies Storage View product > see on google We optimise your storage and generation facility using intelligent data analysis and forecasting techniques to minimise the cost of energy. Through our distributed control architecture on the device and in the cloud, we provide you with transparent and flexible control of all electrical grid elements. We facilitate the integration of all distributed resources and consumption measurement points, so that you are independent of the technology provided by different manufacturers. Your energy router. Using advanced signal processing techniques, digital models and predictive systems, it optimises the power flow of electrical grid assets. We have developed electronic equipment and a set of software tools that facilitate the rapid design of electricity distribution electrical grid control systems, integrating the use of renewable energies and storage systems, facilitating energy optimisation, taking into account safety, efficiency and profitability criteria. Through vertical integration of asset monitoring and control solutions (generation and storage systems), Enfasys' technology allows to incorporate a comprehensive knowledge of the entire system and to adapt to the rules of an electricity market that is immersed in the biggest revolution of the last 100 years. The monitoring, management and data analysis system for your distributed resources. Learn more about Enfasys Cloud It is the in the Edge control system for real-time management of all your assets. Learn more about Enfyo Enfasys Cloud integrates subscription-based services for weather and demand forecasting. Learn more about Enfasys Cloud Enfasys enables the management of distributed generation systems using the IEEE 1547 standard, simplifying access to them and integration with electrical grid management systems. Learn more about Enfyo Enfasys specialises in the control and management of storage systems for grid integration. This know-how enables optimisation of the most critical resource in hybrid plants or collective self-consumption installations. Learn more about energy storage Aligned with the strategies and technological trends for the transformation of the European energy system, taking into account ecological and economic efficiency criteria, promoting the transition towards more intelligent, flexible and sustainable energy supply systems. A stand-alone installation is one that does not have an electricity connection to the distribution electrical grid. In such a way that the consumer is self-sufficient in energy production and does not depend on any commercialisation company. In this type of installation, if the generation is 100% renewable, energy storage is necessary to guarantee supply during the hours when this generation is not available. An individual connected installation is one that, in addition to being capable of generating electricity, has an electrical connection to the distribution grid through a retailer, supplying electricity to a single end user. In this type of installation, energy storage is not necessary, as it is connected to the distribution grid as a back-up in the event that generation is not available. It is the end customer who decides on the basis of different criteria (mainly economic) whether the generation will have surpluses and whether these are stored or fed into the distribution grid in exchange for financial compensation. This case is identical to the case of individual connected installations, but as the name itself indicates, the management and supply is now carried out to different users. The approval of Royal Decree 244 of April 2019 enables collective consumption, i.e. it enables several consumers to share the same generating plant. This opens up a large number of savings and business possibilities, but at the same time entails greater complexity in the control and management of the installations, as it is necessary to dynamically distribute the energy between users and bill it individually. Companies we are working with. C/ Pedro Puig Adam, s/n Campus Technology Building Offices 8 - 9 33204 Gijón, Spain Home About Enfasys Job offers Privacy Policy We use cookies on our website to give you the most relevant experience by remembering your preferences and repeat visits. By default, only strictly necessary cookies are enabled. ADJUSTMENTS ACCEPT Manage consent Close Necessary"
https://enfasys.es/startup-about/,10/23/2023 16:25,"10 años de I+D Transferimos conocimiento. Equipo. Asesores. Proyectos para el desarrollo de producto. I+D. De universidad a empresa Sociedad Nuno Taveira Geber Villa Fernández Eladio Crego Marcos Cuadrado Vega Pablo García Fernández Ramy Georgious Zaher Georgious Jose Ángel Fernández Rubiera Javier Chamorro SISTEMA DE CONTROL MODULAR PARA LA GESTIÓN DE FLUJOS DE ENERGÍA BASADO EN EL PARADIGMA DE INTERNET OF ENERGY. DEVELOPMENT OF A PLATFORM FOR THE RAPID PROTOTYPING OF HARDWARE SOLUTIONS FOR THE ANALYSIS, MONITORING, CONTROL AND MANAGEMENT OF POWER FLOWS IN MICRO ELECTRICAL GRIDS. ENFASYS es una spin-off de la Universidad de Oviedo que tiene el objetivo de convertir la investigación realizada en el grupo LEMUR en un sistema de hardware y un conjunto de librerías de software y aplicaciones orientadas al control y monitorización de redes eléctricas. Devolvemos a la sociedad el conocimiento y resultados de la investigación, generando empleo, dinamizando la economía y mejorando el medio ambiente. Un equipo de profesionales altamente calificados y experimentados, especializados en ingeniería (informática, industrial y electrónica), junto con experiencia en innovación, productos y servicios, y administración y gestión de negocios. CEO Grado en Ingeniería de Sistemas de Decisión y Postgrado en Administración y Dirección de Empresas. Ejecutivo senior internacional enfocado en los ecosistemas de telecomunicaciones, tecnología, energía e innovación. Enfocado en fomentar oportunidades de negocio y estrategias de crecimiento. LinkedIn CTO Doctor en Energía y Control de Procesos por la Universidad de Oviedo. Como CTO, transfiere al mundo empresarial toda su experiencia y liderazgo técnico de la Universidad de Oviedo y en Grupo LEMUR. CFO Grado por la Universidad de Santiago de Compostela, MBA por Abanca Business School y Programa de Desarrollo Directivo por ESADE Business School. CFO con más de 20 años de experiencia en planificación financiera y capital de riesgo. COO Grado en Ingeniería Técnica en Informática de Sistemas por la Universidad de Oviedo. Agrega liderazgo técnico para el desarrollo de software de sistemas integrados, además de experiencia en fomentar la colaboración del sector público y privado. Además contamos con una junta externa de asesoría científica que son inversores del proyecto. Catedrático de la Universidad de Oviedo, es un reconocido investigador en el campo del almacenamiento y aplicaciones de la energía. Doctor en Energía y Control de Procesos. Profesor asociado de la Universidad de Oviedo, con más de 5 años de experiencia en el desarrollo de Sistemas de Gestión de Baterías (BMS). Máster en Ingeniería Industrial por la Universidad de León, aporta su experiencia como asesor científico, especialmente en ensayos de campo y validación experimental. Co-Fundador y CEO de Grupo CENTUM, ejecutivo de alta dirección y Business Angel en diferentes industrias. Máster en Ingeniería Industrial y Electrónica por la Universidad de Oviedo, y Máster en Ingeniería de Telecomunicaciones por la Universidad de Vigo. Financiación nacional y europea. Subvencionado por el CDTI Project funded by: Development of a complete system composed of a set of software tools and electronic equipment oriented to the rapid prototyping of control systems in microgrids and electrical distribution networks. The resulting platform enables the integration of renewable energies (mainly solar and wind) and energy storage systems by means of batteries in the electrical grid, and facilitates the evaluation, by means of simulation, of energy and economic optimization concepts in accordance with safety, efficiency and cost-effectiveness criteria. P2P MODULAR CONTROL SYSTEM FOR ENERGY MANAGEMENT IN IOE APPLICATIONS. Jovellanos Programme Funding for the employment of university graduates for R&D&I activities Reference IDI2020/000245 DEVELOPMENT OF A COMMUNICATIONS INTERFACE, VISUALIZATION AND MASSIVE DATA PROCESSING FOR GSPRO. DESIGN/REDESIGN OF ENFASYS ENGINEERING PRODUCTS BY CONTRACTING AN INDUSTRIAL DESIGN COMPANY. Cheque programme IDEPA Reference IDE/2020/000209 transfiere"
https://enfasys.es/enfyo/,10/23/2023 16:25,"Enfyo® Mucho más que velocidad Una arquitectura con dos procesadores dedicados independientes. Un ecosistema completo. Conecta con cualquier elemento de tu red. Soluciones para tu tranquilidad. Sistema de control agnóstico. Abraza los estándares. Controla toda la instalación desde el mismo lugar. Eficiencia energética. Gestión en tiempo real. Potencia y versatilidad Conocimiento Conectividad Atención al cliente Solución digital para el control de activos en redes eléctricas de distribución e instalaciones de generación distribuidas. Uno como controlador digital de señal, permite ejecutar tareas con restricciones duras de tiempo real en el rango de los micro-segundos, además de proporcionar acceso a los periféricos de E/S utilizados para la interfaz de sensores (conversores A/D y entradas digitales) y actuadores (salidas digitales y PWM). El segundo permite ejecutar tanto tareas con restricciones duras de tiempo real en el rango de los mili-segundos como aquellas dedicadas a cálculos de altas prestaciones y algoritmia avanzada, comunicaciones y almacenamiento. Desde los dispositivos involucrados en la medida y control de los activos hasta la integración de los mismos con el sistema de tratamiento de datos y toma de decisiones corriendo en la nube. Enlaza con múltiples equipos comerciales; desde inversores de solar, convertidores dedicados para almacenamiento, medidores, reduciendo los tiempos de instalación y la configuración de la misma. Funcionando como hub de comunicaciones, integra conexiones con buses de campo (CAN, isoSPI); IEEE 802.X (Ethernet, WiFi) y Bluetooth LTE. “Habla con nosotros de tú a tú” Sabemos lo que aprecias que haya alguien al otro lado del teléfono cuando surgen problemas, en Enfasys nos esforzamos en ser capaces de darte respuesta eficazmente y en tiempos muy reducidos. Llámanos al 984 842 985 y te atenderemos de inmediato. 1 2 3 4 5"
https://enfasys.es/ofertas-de-trabajo/,10/23/2023 16:25,"Administration Manager / Controller Main Responsibilities Desired Skills & Experience Core Competency Requirements Actualmente estamos buscando: Estamos creciendo y regularmente buscamos nuevos talentos que compartan nuestros valores, si quieres trabajar en una empresa de ingeniería eléctrica, electrónica y te interesan las energías renovables. No dudes en enviarnos tu candidatura utilizando el siguiente formulario. Tu nombre Tu correo electrónico Asunto Tu mensaje (opcional) Adjunta tu CV He leído y acepto la política de privacidad Minimum Requirements: If you are interested, please forward your CV and presentation letter by email at jobs@enfasys.eu referencing in the subject: “Administration Manager / Controller”. He leído y acepto la política de privacidad"
https://enfasys.es/enfyo-cloud/,10/23/2023 16:25,"Monitorización, Gestión y Análisis desde un único lugar. Acceso a servicios por subscripción para la optimización de los recursos distribuidos. Integración con tu propio sistema de gestión. Accede desde cualquier dispositivo Centralización Subscripción a servicios complementarios. Adaptación Escala la solución de control de los activos de la red hacia la nube mediante nuestra plataforma. La plataforma en la nube Enfasys Cloud permite la gestión de todos los activos e instalaciones desde un único lugar. Accede a los datos de todos los dispositivos en tiempo real, realiza labores de análisis de datos utilizando herramientas visuales y bases de datos de series temporales y toma decisiones en base a herramientas comparativas que te permiten optimizar la operación de todos tus recursos de la red. La optimización de los recursos distribuidos y su integración con la red eléctrica requiere del acceso a servicios online. Esto nos permite proyectar el precio de la energía a futuro, además de contar con herramientas climatológicas que facilitan planificar la gestión de los sistemas de almacenamiento. La plataforma da acceso a dichos servicios y distribuye la información entre los dispositivos Enfyo. La plataforma Enfasys Cloud se integra con tu propio sistema de gestión, de forma que toda la información utilizada para la gestión de los recursos distribuidos esté disponible dónde la necesites. Se proporcionan plugins a los servicios en la nube más conocidos así como desarrollo de conexiones propietarias a medida. Todo ello considerando la seguridad de los datos como la piedra angular del sistema."
https://enfasys.es/almacenamiento/,10/23/2023 16:25,"Operaciones de forma sencilla y sin sorpresas. Módulo String Banco Soluciones de control para sistemas de almacenamiento de energía. Desarrollamos soluciones de control para sistemas de almacenamiento de energía basados en baterías de Li-ion. La integración en vertical del sistema de control de Enfasys es puntera en el mercado, con un conocimiento exhaustivo tanto del funcionamiento interno como de la operación del mismo. A la hora de integrar un sistema de almacenamiento en red, es necesario un único punto de acceso hacia el exterior que aglutine toda la información del sistema. Utilizando Enfyo como elemento de control, la solución de Enfasys integra las comunicaciones y la coordinación con todos los subsistemas de comunicaciones, el inversor de potencia y el operador del sistema utilizando estándares (IEEE 1547/IEEE 2030.5) para facilitar la operación remota del recurso distribuido. A nivel de módulo, Enfasys tiene una dilatada experiencia en el desarrollo de BMS. Se proporcionan soluciones basadas en ecualización pasiva/activa para módulos con diferentes configuraciones de celdas serie/paralela. Se incluyen alternativas para funcionamiento standalone o integradas con sistemas de control a nivel de string y banco. Existen opciones con diferentes buses de comunicaciones (CAN, IsoSPI, Modbus-TCP). Se incluye el desarrollo de algoritmos de SoC, SoH, SoF y RUL. A nivel de string, la solución de Enfasys permite la integración de módulos conectados en serie. El número máximo de módulos viene determinado por el bus de comunicaciones seleccionado y arquitecturas hasta 24 elementos en serie han sido validadas. El sistema de control integra tanto el manejo de medidas y protecciones a nivel de string como la implementación de algoritmia cuando se usa conjuntamente con BMS esclavas. En soluciones de alta energía/potencia, el paralelizado de strings es la arquitectura seleccionada, formando bancos de energía. La propuesta de ENFASYS es escalable y permite el control de dichos elementos y la integración con los diferentes sistemas de control de nivel inferior (Módulo y String) y el superior (Sistema)."
https://enfasys.es,10/23/2023 16:25,"Controla tu energía. Presentamos Enfyo® El corazón de tu sistema de control Tipología de proyectos Clientes y socios Diseño e ingeniería Transformación digital del sistema de control Simplifica la gestión de tus activos Instalaciones aisladas Conectadas individuales Conectadas colectivas Visítanos en Contacta Resumen de privacidad Soluciones de control y monitorización de redes eléctricas inteligentes, con integración de energías renovables y almacenamiento en baterías. Enfasys Cloud Enfyo Predicción Energías renovables Almacenamiento Ver producto > ver en google info@enfasys.es Optimizamos tu instalación de almacenamiento y generación mediante técnicas de análisis de datos inteligentes y predicción que permiten minimizar el coste de la energía. Mediante nuestra arquitectura de control distribuida en dispositivo y en la nube te facilitamos el control transparente y flexible de todos los elementos de la red. Facilitamos la integración de todos los recursos distribuidos y puntos de medida de consumo, de forma que te independice de la tecnología provista por diferentes fabricantes. El router de tu energía. Mediante técnicas avanzadas de procesamiento de señal, modelos digitales y sistemas de predicción optimiza el flujo de energía de los activos de la red. Hemos desarrollado un equipo electrónico y un conjunto de herramientas software que facilitan el diseño rápido de sistemas de control de redes de distribución eléctrica, integrando el uso de energías renovables y sistemas de almacenamiento, facilitando la optimización energética, atendiendo a criterios de seguridad, eficiencia y rentabilidad. Mediante integración vertical de soluciones de control y monitorización de activos (sistemas de generación y almacenamiento), la tecnología de Enfasys permite incorporar un conocimiento exhaustivo de todo el sistema y adaptarse a las reglas de un mercado eléctrico que está inmerso en la mayor revolución de los últimos 100 años. El sistema de monitorización, gestión y análisis de datos para tus recursos distribuidos. Saber más sobre Enfasys Cloud Es el sistema de control in the Edge para la gestión en tiempo real de todos tus activos. Saber más sobre Enfyo Enfasys Cloud integra servicios por subscripción para la predicción meteorológica y de la demanda. Saber más sobre Enfasys Cloud Enfasys habilita la gestión de sistemas de generación distribuida mediante el estándar IEEE 1547, simplificando el acceso a los mismos y la integración con los sistemas de gestión de red. Saber más sobre Enfyo Enfasys se ha especializado en el control y gestión de sistemas de almacenamiento para integración en red. Dicho conocimiento permite una optimización del recurso más crítico en plantas híbridas o instalaciones de autoconsumo colectivo. Saber más sobre almacenamiento de energía Alineados con las estrategias y tendencias tecnológicas para la transformación del sistema energético europeo, atendiendo a criterios ecológicos y de eficiencia económica, promoviendo la transición hacia sistemas de abastecimiento energético más inteligentes, flexibles y sostenibles. Una instalación aislada es aquella que no cuenta con conexión eléctrica a la red de distribución. De tal forma que, el consumidor es autosuficiente para la producción energética y no depende de ninguna comercializadora. En este tipo de instalaciones, si la generación es 100% renovable, se hace necesario el almacenamiento energético para garantizar el suministro en las horas en las que no está disponible dicha generación. Una instalación conectada individual es aquella que, además de ser capaz de generar electricidad, cuenta con conexión eléctrica a la red de distribución a través de una comercializadora abasteciendo de energía eléctrica a un único usuario final. En este tipo de instalaciones, el almacenamiento energético no es necesario, ya que se cuenta con dicha conexión a la red de distribución como respaldo en caso de no disponer de generación. Es el cliente final el que decide en base a diferentes criterios (económicos principalmente) si la generación tendrá excedentes y si estos son almacenados o vertidos a la red de distribución a cambio de compensaciones económicas. Este caso es idéntico al caso de instalaciones conectadas individuales, pero como su propia denominación indica, ahora la gestión y suministro se realiza a diferentes usuarios. La aprobación del Real Decreto 244 de abril de 2019 habilita el consumo colectivo, es decir, habilita que varios consumidores puedan compartir una misma planta generadora. Esto abre un gran número de posibilidades de ahorro y negocio, pero a su vez conlleva una mayor complejidad en el control y gestión de las instalaciones al ser necesario repartir de forma dinámica la energía entre usuarios y facturarla de forma individualizada. Empresas con las que estamos trabajando. C/ Pedro Puig Adam, s/n Edificio Tecnológico Campus Oficinas 8 – 9 33204 Gijón, España (+34) 984 84 29 85 Close Search search Menu Inicio Sobre Enfasys Enfasys cloud Blog Contacto Ofertas de trabajo Español English linkedin Facebook Twitter Linkedin Política De Privacidad Close Menu Usamos cookies en nuestro sitio web para brindarle la experiencia más relevante recordando sus preferencias y visitas repetidas. Por defecto, sólo están activadas las estrictamente necesarias. AJUSTES ACEPTAR Gestionar consentimiento Cerrar Necesarias"
http://www.encoord.com,10/23/2023 16:25,"Plan the Energy Future The energy industry faces challenges What future are you planning? An Integrated Energy Future Electricity Gas Thermal Networks Renewable and Storage Integration Hydrogen Integration All achieved in our software SAInt, a planning tool for energy systems. Trusted by industry leaders Ready to Learn More? Accelerate the energy transition We value your privacy We use cookies to enhance your browsing experience, serve personalized ads or content, and analyze our traffic. By clicking ""Accept All"", you consent to our use of cookies. We use cookies to help you navigate efficiently and perform certain functions. You will find detailed information about all cookies under each consent category below. The cookies that are categorized as ""Necessary"" are stored on your browser as they are essential for enabling the basic functionalities of the site. ... Show more Necessary cookies are required to enable the basic features of this site, such as providing secure log-in or adjusting your consent preferences. These cookies do not store any personally identifiable data. No cookies to display. Functional cookies help perform certain functionalities like sharing the content of the website on social media platforms, collecting feedback, and other third-party features. Analytical cookies are used to understand how visitors interact with the website. These cookies help provide information on metrics such as the number of visitors, bounce rate, traffic source, etc. Performance cookies are used to understand and analyze the key performance indexes of the website which helps in delivering a better user experience for the visitors. Advertisement cookies are used to provide visitors with customized advertisements based on the pages you visited previously and to analyze the effectiveness of the ad campaigns. Other uncategorized cookies are those that are being analyzed and have not been classified into a category as yet. Integrated Energy Future Future of Electricity Future of Gas SAInt: An Integrated Systems Modeling Platform Energy Market Modeling Electricity Network Modeling Gas Network Modeling Coupled Electric & Gas Network Modeling Thermal Network Modeling Model-Ready Datasets Services News Case Studies Publications Blog Videos About Us Trusted By Jobs Contact Us encoord helps you plan energy systems to meet the needs of a rapidly changing industry. Rapidly changing markets Change is accelerating in energy markets and systems. Renewables and storage integration Renewable generation and storage increase planning challenges. Siloed planning processes and teams Existing modeling tools and data sources are inconsistent and not coordinated. Overload of data Multiple sources result in different answers and conflicting output. Managing outdated systems The inertia of outdated systems slows needed change. Energy systems integration Coupled energy networks require integrated planning tools. Plan the integration and coordination of energy systems, including electricity, gas, and thermal networks. New technologies, requirements, and demands in electricity are changing the world. A better planning solution is needed. The future of gas is uncertain and effective planning will be necessary to understand and enhance the role of gas infrastructure in the energy transition. Heating and cooling demands are large and represent potential sources of flexibility. How do you plan the future of thermal networks? Renewable generation and storage technologies can cause as many problems as they solve. Careful scenario planning is required to quantify and minimize risk. Alternative fuels cause their own mix of challenges. How do you plan for greener fuels? The Scenario Analysis Interface for Energy Systems (SAInt) is an advanced modeling software for energy sector stakeholders that need quantitative insights to make strategic decisions, manage risk, and plan for the energy transition. Solving problems in 13 countries so far. “encoord is a top energy software company with unique products to solve today’s energy transformation challenges. The company’s staff is very professional and delivers first class analytical solutions while providing personalized capacity building to best utilize its products and energy solutions.” Governmental Energy Stakeholder “SAInt has been developed by a team with extensive knowledge in energy modeling that combines technical understanding of the system with experience in the application and implementation of tools for planning and decision making. This makes SAInt a very powerful and innovative tool.” NGO Policymaker “With its comprehensive expertise and support in the field of coupled infrastructure modelling, encoord delivers a valuable contribution to the highly topical sector coupling discussion. ” European Network Operator Check out our white paper and discover the importance of leveraging the synergies between energy networks. See how encoord can help you plan for the energy transition © Copyright 2023 encoord Inc. & encoord GmbH - All Rights Reserved Customize Consent Preferences Always Active If you are a human, do not fill in this field."
http://eightinks.com,10/23/2023 16:25,"accelerating towards a sustainable future „Ideas are easy. Implementation is hard.“ What makes solid state batteries so great? Reaching economies of scale Solid state batteries are a unique opportunity to establish a circular battery economy. Unprecedented versatility for a wide range of applications Interested in joining us on our mission or supporting us? Contact us regarding thesis option, job opportunities, partnerships and investment inquiries. Partners & Supporters Our Team Contact us by building the next generation of lithium ion batteries MANUFACTURING CELL DESIGN MATERIALS Dr Paul Baade Leon Baade Dr Christina Sauter Dr Karl-Philipp Schlichting Prof Vanessa Wood CONTACT INFORMATION Guy Kawasaki Lighter Smaller Faster Charging Safety write us or contact us on our social media THINK BIG! SUSTAINABILITY At eightinks we are building the most powerful lithium ion batteries: We enable solid state batteries to reach their full potential. Our proprietary production technology allows us to combine scalable manufacturing, novel cell designs and high performance materials. This is why we can deliver the best possible cells. We are cutting production costs by up to 30%. Our manufacturing solution allows solid-state batteries to become price competitive AND outperform the state of the art. Cell design is the biggest lever when it comes to utilizing untapped performance potential. We are implementing a recyclable and fast-charging cell design for solid-state batteries. We choose the best performing materials to produce our batteries. We are opening the door for giga-scale production for a wide range of solid electrolytes. Battery technology is a notoriously hard field. The technology has progressed significantly over the past decades and current devices are still improving. But prototypes are just the beginning of many development cycles and often players disregard industrial production at relevant scale. We make sure that our technology is suitable for the giga-scale from the very beginning. A number of advantages make them the most promising canditate for the next generation lithium ion technology: Solid state batteries are missing a scalable manufacturing solution. We make sure that this aspect doesn’t get forgotten. In fact it is the most important ingredient for success. In order to become competitive in terms of cost, we are leaveraging economies of scale. Yield, quality and throughput determine our way of thinking. For the last decades the battery value chain has been a linear one. Let’s not make the same mistake again! Instead use our learnings to design and implement a battery that can be recycled better. Replacing the liquid electrolyte by a solid ion conductor opens up new cell design and production challenges. eightinks has a solution for these issues and has implemented the first sustainable solid state battery. No emissions during operation and excellent well-to-wheel effieciencies make lithium ion batteries an ideal solution. eightinks is shaping new industry standards and processes for the next generation battery technology.﻿ We envision a novel cell design that is recyclable at the largest possible scale and that is made from abundant resources. We accelerate the transition towards EVs by rethinking the manufacturing process of lithium ion batteries.﻿ In many ways lithium ion batteries have already revolutionized our daily lives. This is -by a long shot- not the end of the story. Batteries are keeping our grids stable, store renewable energy and power many of our electronic devices. Right now, they are responsible for revolutionizing the transportation and mobility industry. Our products are design for the best performance possible. Therefore, our cells are optimized to meet automotive demands. We can also address the needs from many customers from the mobility sector. Please reach out to us, if your product is missing the suitable energy storage solution. AUTOMOTIVE DRONES AVIATION CONSUMER ELECTRONICS WEARABLES GRID STABILIZATION RENEWABLE ENERGIES NEW MOBILITY SOLUTIONS CEO CBO CTO COO Advisory Please leave a message – we will get back to you ASAP. Thanks for reaching out! Your Name (required) Your Email (required) Subject Your Message eightinks AG, ﻿Wagistrasse 18, 8952 Schlieren, Switzerland © 2019 sustainable future At GET IN TOUCH! SCROLL TO LEARN MORE 67,673,743 1,739,079 ktons is shaping new industry standards and processes for the next generation battery technology.﻿ ﻿ REACH OUT"
https://www.eco-stor.com/contact-us,10/23/2023 16:25,"Contact us Management Trygve Burchardt Harvey Mancey Halvor Stokke Sigrid Schibbye Commercial Marita Hjertvik Tomas Gylfe Technical Helge Kolstad Mikkel Heiene Thomas Hobson This is us Profile Experience Harvey in 5 sentences Relevant education and previous experiences Halvor in 5 sentences Who is Sigrid? If you could have a superpower, what would it be? Leif in 5 sentences If i could choose one superpower what would it be? A summary of Marita Prizes/awards Chief Executive Officer CEO ECO STOR AS and GmbH — 2017-presentThe company was established to commercialize innovations in second life EV batteries. As CEO of the company Burchardt has since 2018 raised about 100M NOK to develop, build and install systems from small residential to large grid connected systems. ECO STOR has now around 40 employees in Germany and Norway with over 100 MW in committed, commissioned and installed systems and a sales of more than 50 M Euro for 2022. Chief business development officer Responsible for upstream and downstream partnership development, day to day operations, technology & product development. An engineering and technology OEM industry professional with senior management and board level experience in general management, business development, sales, marketing, operations and R&D. A pragmatic business leader experienced with international start-ups, engineering SMEs and large manufacturing businesses dealing with technical and commercial evolution or change. Market focused and results driven with an excellent track record established over nearly 30 years in high technology and industrial markets including clean technology, automotive, telecommunications, consumer electronics, defence and renewable energy. Electronics Engineer but has forgotten more than he can remember! Fortunately, he has more than 25 years experience working for some of the world’s leading battery technology companies. Chief Financial Officer Halvor is driving business growth from the intersection between finance, strategy and operations. Halvor joined ECO STOR from the global SaaS company Confirmit, where he held the position of Chief Financial Officer. Prior to Confirmit, he spent five years with Kvaerner, an engineering and construction organization delivering complex projects to the international energy industry, as Vice President, M&A and Business Development. He also has experience from the Carlsberg Group and has worked as a management consultant with the Boston Consulting Group. Halvor has a master’s degree in Finance and Business Administration from the Norwegian School of Economics (NHH). Looking at ECO STOR from the CFO role, Halvor is curious about people, technology and operations, and works across the business to enable growth and identify areas of improvement. Outside of the office, Halvor is a keen outdoorsman and can be found skiing with his family or hiking in the mountains with his fishing gear. He is passionate about future generations’ ability to experience the nature and wilderness, and truly enjoys the opportunity ECO STOR offers to combine the development of a world class commercial business with enabling the green energy shift. HR Manager sigrid.schibbye@eco-stor.no +47 458 02 152 lr@eco-stor.no Leif is responsible for the commercial activities regarding ECO STORs second life systems. This mostly involves Business development, sales, marketing, strategic thinking and product development among other things. Leif is an educated Mechatronics engineer from the University of Agder, who joined ECO STOR from Viessmann Refrigeration Systems and Envo, where he held the position of International Sales and Product Manager. He was responsible for business development, product and project management of the company’s building management and monitoring system, Tec2Track. Prior to Viessmann and Envo, Leif was a key account- and project manager for JFKnudtzen, a supplier of components to the electrical and automation industry. If Leif could choose one superpower, he would be able to cook every dish there is, even without having all the ingredients, in five minutes, without making any dishes to wash. Leif is a very energetic and optimistic person. He has high ambitions and brings with him a burning interest in (green)technology and business development. Besides work he likes cooking, cycling, music, sailing, football, and helping others. Leif is a problem solver and has the foolhardy attitude that “nothing is impossible, it just takes a bit more time”, even though he knows that some things are actually impossible. +47 950 04 233 Sales- And Customer Support mhj@eco-stor.no Marita is responsible for helping out with everything customer related, wether it is sales, customer support or monitoring operational systems. Marita has a bachelor in economic – and business law, and have since 2011 worked with sales and costumers. If Marita could choose one superpower, she would be able to read minds Structured, motivated and cheerful. +46 70 370 21 48 Business Development Manager tomas.gylfe@eco-stor.se Technical Director Helge serves as the facilitator for the technical team and is responsible for aligning the company's direction in collaboration with the management team. Additionally, he provides oversight and supervision to ensure the team's effectiveness. Master degree (Siv.ing) from NTNU on electrical power engineeringPhD in Power electronics and motor control from NTNU4 years experience as Senior engineer at Aker Elektro / Aker Kvaerner developing a modular up to 4 MW low voltage drive for marine applications4 years experience as SW R&D engineer and ASIC designer at Tandberg Storage3 years experience as team leader at Think EV with responsibility for the power train4 years experience as Principal engineer at Aibel designing electrical power system and system responsible for the power system at Gudrun offshore platform11 years experience as a Principal engineer at ABB developing subsea components and power from shore power transmission systems. 2022 UTC Award for Subsea Electrification Technology2022 The Global Technology Innovation Leadership Award in the oil and gas automation industry is awarded to ABB. Project Manager MSc Electrical Power Engineering, Norwegian University of Science and Technology. Started at ECO STOR right out of university. th@eco-stor.uk Tom has joined us as Project Manager. He will be working to expand the first life German operations, into the UK as ECO STOR looks to expand overseas. Tom brings with him project management experience from Formula 1 and Google, along with engineering experience in Battery Energy Storage solutions. Tom has an M.Eng in Electrical and Electronic Engineering from Imperial College London. Peter Førsund +47 90 88 55 61 Design Lead peter@techweb.no First name* Last name* Email* Phone number Industry* - Please select - Real estate Production industry Agriculture Public sector Private Customer Retail and convenience Contractor Housing association Educational institutions Solar panel supplier Country* - Please select - Norway Sweden Finland Denmark Other Message Add attachment Click ""Choose files"" to upload a file from your device. I agree to receive other communications from ECO STOR. I agree to allow eco-stor.com to store and process my personal data. * Phone number Country Add attachment × Per navigare, premi i tasti freccia. Dati mappa ©2023 1 km Fai clic per passare dal sistema metrico a quello imperiale e viceversa"
https://www.eco-stor.com/career,10/23/2023 16:25,"Join our team What we do Work with us Open applications Togetherness Make an impact Grow with us Build your career Would you like a career within the field of innovative storage solutions, supporting and enabling the future of renewable energy? We are looking for new employees to join our team. Feel free to send your open application if you are interested in working with us. ECO STOR is a Norwegian startup company based in Oslo. We develop and distribute BESS - Battery Energy Storage Solutions, based on first-life and second-life batteries. From our offices in Oslo, we coordinate an international team with the very best industrial experts within the field of batteries and energy storage. We are always looking to strengthen our team. Are you interested in renewable energies and technologies of the future? Is open and honest interaction important to you? Would you like to join in on a long-term partnership of cooperation and growth? Then you have come to the right place! Become part of a motivated team that works together to solve problems. Be a part of the journey towards creating the solutions of tomorrow. Our company is rigged for growth, both personally and professionally. We make room for developing your skills and building your career. We're constantly searching for people to join our team. Send us an open application and we'll figure out the next steps together. I agree to receive communications from eco-stor.com. Are you ready to make an impact on the future of clean energy storage, working with developing the technologies of tomorrow? First name* Last name* Email* Application text Attachments I agree to receive communications from eco-stor.com. * I agree to allow eco-stor.com to store and process my personal data. * Application text Attachments"
https://www.eco-stor.com/why-energy-storage,10/23/2023 16:25,"Why energy storage? A carbon-neutral future Renewable energy systems The EV revolution An ecosystem for batteries The energy systems of the world have to turn from fossil-based to renewable, clean sources if the world is to reach the goal of zero carbon emission by 2050. The only way to reach this goal is to turn away from fossil-based fuels and the combustion engine, towards clean energy systems and storage of renewable energy. Energy systems have been fossil based until recent years. A change is happening, as more and more renewable energy is being harvested. But renewable energy comes from unstable sources - the wind does not always blow, and the sun does not always shine, making energy storage a necessity both for securing supply and for stabilizing the grid. The energy transformation comes at the same time as the revolution within transportation, utilizing lithium batteries to run vehicles instead of combustion engines. ECO STOR sees this as a great opportunity, as EV batteries have more than 80% capacity left when no longer feasible for EVs, making them perfect for a second life as storage units. ECO STOR is at the forefront of the two coinciding trends, creating an ecosystem for batteries, from utilizing first- and second-life batteries for energy storage, through recycling and reusing the minerals of the batteries, creating a circular economy for batteries and facilitating a cleaner tomorrow. ECO STOR is at the forefront of the revolution taking place at the crossroads between the transportation revolution and the change toward renewable energy systems. Utilizing both first- and second-life batteries, energy security and control with consumption become a reality. A carbon-neutral future The energy systems of the world have to turn from fossil-based to renewable, clean sources if the world is to reach the goal of zero carbon emission by 2050. The only way to reach this goal is to turn away from fossil-based fuels and the combustion engine, towards clean energy systems and storage of renewable energy. Renewable energy systems Energy systems have been fossil based until recent years. A change is happening, as more and more renewable energy is being harvested. But renewable energy comes from unstable sources - the wind does not always blow, and the sun does not always shine, making energy storage a necessity both for securing supply and for stabilizing the grid. The EV revolution The energy transformation comes at the same time as the revolution within transportation, utilizing lithium batteries to run vehicles instead of combustion engines. ECO STOR sees this as a great opportunity, as EV batteries have more than 80% capacity left when no longer feasible for EVs, making them perfect for a second life as storage units. An ecosystem for batteries ECO STOR is at the forefront of the two coinciding trends, creating an ecosystem for batteries, from utilizing first- and second-life batteries for energy storage, through recycling and reusing the minerals of the batteries, creating a circular economy for batteries and facilitating a cleaner tomorrow."
https://www.eco-stor.com/news/the-energy-storage-solution-provider-eco-stor-raises-nok-100-million-in-new-investment-round,10/23/2023 16:25,"Related news articles ECO STOR completed the NOK 100 million private placement without any financial advisors in a financing round that values the company at NOK 700 million pre-money. Existing shareholders such as Agder Energi, the largest shareholder of ECO STOR, and partners in Covalis Capital and Klaveness Marine, all joined the investment round. In addition, Farvatn Capital, owned by the Odfjell family, and key employees of Klaveness Marine, joined as new shareholders. “To overcome the energy crisis and reach the climate targets, today’s energy systems must change. Batteries can reduce the consumption peaks and create a more stable and sustainable supply of power. ECO STOR will deliver more than 100 megawatt battery capacity to Germany this year. With an increased interest for recycled battery packages in the Nordics, ECO STOR creates innovative solutions for a renewable future,” says Steffen Syvertsen, CEO of Agder Energi. ECO STOR was founded in 2018 and is headquartered in Oslo, Norway. Its founder, Trygve Buchardt, is the CEO of the company. ECO STOR has two business areas: 1st life and 2nd life battery storage systems. In the 1st life business area, ECO STOR is utilising 1st life batteries for storage of energy through large grid-connected systems. ECO STOR has signed contracts for large energy storage systems in Germany for more than NOK 600 million during the last year and has a market share of around 20 percent. The company’s systems have an internal rate of return (IRR) of more than 20 percent, and the demand is driven by huge underlying market growth and the energy crisis in Europe. In the 2nd life business area, ECO STOR repurpose batteries that have finished their lifecycle in electric vehicles, for use in smaller energy storage systems for commercial property, industry or agriculture. The company has developed a unique software that can quickly verify whether the entire EV battery – including connectors, contacts and cables – can be reused for battery energy storage purposes when it is removed from an EV. As part of its 2nd life offering, ECO STOR, together with Canadian Li-Cycle and Norwegian Morrow Batteries, are in the process of building a factory for recycling of EV batteries in Norway. For further information, please contact: Halvor Stokke, CFO of ECO STOR, tel: +47 954 71 857 October 5th, 2022 – ECO STOR, the Norwegian provider of energy storage systems, today announces a successful NOK 100 million investment round attracting both existing and new shareholders. “We are excited to see that several well-known and attractive financial and industrial investors are eager to invest in ECO STOR. At this point, we did not want to raise more than NOK 100 million as this placement primarily will facilitate further growth. We are very pleased that some of our biggest shareholders increased their investment in the company,” says Halvor Stokke, CFO of ECO STOR. ECO STOR completed the NOK 100 million private placement without any financial advisors in a financing round that values the company at NOK 700 million pre-money. Existing shareholders such as Agder Energi, the largest shareholder of ECO STOR, and partners in Covalis Capital and Klaveness Marine, all joined the investment round. In addition, Farvatn Capital, owned by the Odfjell family, and key employees of Klaveness Marine, joined as new shareholders. “To overcome the energy crisis and reach the climate targets, today’s energy systems must change. Batteries can reduce the consumption peaks and create a more stable and sustainable supply of power. ECO STOR will deliver more than 100 megawatt battery capacity to Germany this year. With an increased interest for recycled battery packages in the Nordics, ECO STOR creates innovative solutions for a renewable future,” says Steffen Syvertsen, CEO of Agder Energi. ECO STOR was founded in 2018 and is headquartered in Oslo, Norway. Its founder, Trygve Buchardt, is the CEO of the company. ECO STOR has two business areas: 1st life and 2nd life battery storage systems. In the 1st life business area, ECO STOR is utilising 1st life batteries for storage of energy through large grid-connected systems. ECO STOR has signed contracts for large energy storage systems in Germany for more than NOK 600 million during the last year and has a market share of around 20 percent. The company’s systems have an internal rate of return (IRR) of more than 20 percent, and the demand is driven by huge underlying market growth and the energy crisis in Europe. In the 2nd life business area, ECO STOR repurpose batteries that have finished their lifecycle in electric vehicles, for use in smaller energy storage systems for commercial property, industry or agriculture. The company has developed a unique software that can quickly verify whether the entire EV battery – including connectors, contacts and cables – can be reused for battery energy storage purposes when it is removed from an EV. As part of its 2nd life offering, ECO STOR, together with Canadian Li-Cycle and Norwegian Morrow Batteries, are in the process of building a factory for recycling of EV batteries in Norway. For further information, please contact: Halvor Stokke, CFO of ECO STOR, tel: +47 954 71 857 For further information, please contact:"
https://www.eco-stor.com/impact,10/23/2023 16:25,"Impact Local impact National impact Global impact 40+ 178+ 20+ ECO STOR is committed to supporting the shift towards a circular economy in everything we do on a local, national and global level. Production of renewable energy is dependent on weather conditions, and inaccurate forecasts of generation from renewable sources on a day-to-day basis lead to unpredictable prices. Our battery energy storage systems give more reliable access to energy. It also represents an opportunity to stabilize fluctuating prices, giving the customer control through charging when prices are at the lowest and discharging the stored energy when prices are high. Energy storage allows for the surplus production of renewable energy to be stored, ensuring a more significant share of renewable energy delivers a more significant share of the energy mix, both on a national and an international level. Energy storage can provide rapid frequency regulation on a grid level, stabilizing the grid more flexibly. Battery energy storage solutions can also act as a reserve during power outages. The electrification of transportation happening puts new demands on the grid. Utilizing energy storage is a solution that makes it possible to continue this process rapidly without waiting for the much slower and more costly method of expanding the grid. Storage of renewable energy on a global level saves surplus energy from renewable sources, making more renewable energy available in the long run. This kind of storage will be necessary to meet the need for renewable energy in a future where electrification of transportation is a fact. Also, in this future, we see that repurposing batteries from electric vehicles at the end of their first lifecycle into a second lifecycle as energy storage units is a vital step towards using our planet’s resources wisely. Tonnes of CO2 saved per building by using second-life batteries as energy storage. Energy storage improves the utilization of energy produced by renewable sources, reducing the need to purchase power from other sources. Kg of CO2/kWh saved when compared to using new batteries in energy storage. Making new batteries consumes energy and generates CO2 emissions. Repurposing batteries enables storage without increased CO2 emissions. GWh storage in second-life batteries will be available for energy storage in 2025. If the rest of the world follows Norway´s lead, over the coming decades, this number will surmount to terawatt hours."
https://www.eco-stor.com/code-of-conduct,10/23/2023 16:25,"Code of conduct At ECO STOR we value integrity and are committed to etical business practices, respect for individuals, and know the importance we bare as a responsible corporate citizen. That is why our code of conduct is more than just a set of rules: it’s a reflection of our values and a guide for every member of our organization."
https://www.eco-stor.com/investors,10/23/2023 16:25,"Investors We are lucky to have solid investors backing up our venture Providing ECO STOR with an extensive network of partners and projects, our investors make it possible to accelerate the market introduction of battery energy storage solutions utilizing second-life electric vehicle batteries. Agder Energi Invest became the major shareholder of ECO STOR when they invested in ECO STOR in 2019. Klaveness Marine Holdings invested in ECO STOR during the fall of 2021. “ECO STOR truly has a unique opportunity to capitalize on the forthcoming EV revolution and the increasing demand for energy storage. This investment perfectly aligns with our strategy to invest in companies that play into the strong electrification rate of the energy system.” Henrik Lund, Head of New Energy, Klaveness Marine Holdings"
https://www.eco-stor.com/faq,10/23/2023 16:25,"FAQ What is BESS? Are the BESS of ECO STOR turn-key, or are additional features necessary? Is it possible to check statuses, state of charge, and other battery system features? What sizes BESS can ECO STOR deliver? Are ECO STOR systems safe to use? Are repurposed EV batteries as good as new ones? What is the lifetime of a 2nd life BESS? Is it possible to change a single battery in a system if needed? What happens to the battery energy storage system after the end of its lifetime? What is an inverter? Can I use any kind of inverter? Can the inverters of your batteries be used for solar cells as well? Why are battery energy storage solutions important? Why do we need energy storage? Frequently asked questions. BESS is short for battery energy storage systems and offers an opportunity to store energy from the grid, solar or local generation and use it later. The batteries used in our designs are new (in Germany) or repurposed electric vehicle batteries (in Norway). We always deliver turn-key systems, and our solutions include batteries, control systems, and inverters. As long as connections and fuses are ready on-site, all that is needed is electrical installation before you are good to go. If your battery is installed in a building, there might be requirements to control temperatures in which case you may need to make adjustments to your HVAC system. Our container-based systems have HVAC and fire safety systems included. Yes. All ECO STOR systems come with a web-based system that gives you live data from your battery system, including information on battery health and live updated expected lifetime of your system. ECO STOR also has remote access to your systems, and we get alerts if there are things needed to be looked at or when your system requires service. ECO STOR systems are fully scalable from single battery solutions and upwards to several hundred, meaning we can deliver systems ranging from 15kWh suitable for a residential house to several Mega Watts for grid support. Yes. The batteries we use are made for electric vehicles, and they can withstand harsh environments. We test the batteries before we put them to use, and we have stringent rules in terms of safety. As we reuse the batteries, they will have the same qualities as an EV. Also, we make sure that the inverters and systems around the batteries apply to all standards and rules required to complete the battery energy storage systems we deliver safely to use. Yes. The high demands that EVs put on the batteries means that they can withstand more than an ordinary, new, stationary battery. ECO STOR uses tested batteries and has about 70% remaining capacity, compared to a new EV battery, making them just as good as new, commercial stationary batteries. The expected lifetime of an ECO STOR battery system is usually 7-10 years or 3-4000 cycles. The lifetime may vary greatly depending on how the system is used. If the system, for example, is needed to charge/discharge more than once per day, the lifetime will be shorter. The temperatures at the installment site will also influence the system’s lifetime. We have different services regarding extended lifetime and warranties; please contact us for more details. Yes. ECO STOR makes systems so that changing batteries one by one is easy. The individual lifespan of single batteries in a solution may differ for second-life batteries, making this an essential feature of our systems. Also, since other parts of the system, like inverters and control units, have a longer lifetime than the batteries, prolonging the system’s entire lifetime by changing the batteries is essential. After an ECO STOR system has done its job and no longer meets your needs, we can refurbish your system to extend its lifetime, or collect and recycle it at market price/kickback. A battery stores energy in direct current - DC, whereas the grid’s energy is alternating current - AC. To convert the energy from AC to DC and back again, a battery needs a device that converts the electricity going into the battery into DC power, whereas the electricity going out of the battery needs conversion to AC power. An inverter is a device connected to the battery that takes care of this. No. Several strict requirements are applied to an inverter to be deemed suitable for EV batteries. As a rule, we deliver our systems with inverters, but if you for some reason would like to acquire one yourself, we can assist you in defining what inverter to use. Over time, however, we will develop a library of supported inverters. Please contact us for more information on this question. Yes. We cooperate with solar cells suppliers to use identical inverters for batteries and solar cell panels, reducing cost by reducing the number of inverters and the amount of energy loss in the conversion processes. If you plan to install a battery system and solar cells, we recommend contacting us. Energy storage is changing the way we generate, deliver and consume energy. The stored energy can contribute to the immediate stabilization of both voltage and current in the power grids. Batteries offer a balance in power supply and demand with milliseconds response time, compared to minutes with the traditional supply response from hydro, solar, and wind generation. Saving consumers money lets consumers avoid premium pricing charged during peak-demand hours. To amend the risk of power outages due to threats from terrorists, nature, and accidents. Energy storage allows more renewable energy to be available, making existing power generation last longer, avoiding building new facilities, and not wasting the already existing surplus clean energy production."
https://www.eco-stor.com/company,10/23/2023 16:25,"Company ECO STOR AS Battery Energy Storage Systems ECO STOR consists of a parent company, ECO STOR AS situated in Oslo, Norway, and a subsidiary, ECO STOR GmbH situated in Munich, Germany. Norway Second-life solutions based on batteries that have gone through a first lifecycle in vehicles. ECO STOR AS was established in 2018 to commercialize intellectual property and knowledge gained from the development of technology for energy storage using second-life batteries from electric vehicles. Germany We do BESS Our batteries give a peek into the future of the energy transition taking place as we speak. This energy transition takes us away from fossil fuels towards clean energy from renewable sources. In the future, battery energy storage systems like ours will become increasingly important. Stabilizing the access to clean power regardless of weather conditions and day-to-day production. Acting as reserves for rapid frequency response stabilizing the grid. Keeping track of energy consumption for the end-user. These are only some of the emerging areas of usage we can see. We know that our future is at stake, and that's why we are committed to supporting the shift towards a circular economy in everything we do. Reuse and recycling lie at the heart of our business, and everything we do is grounded in a deep respect for our planet’s limited resources. These are only some of the reasons why we can genuinely say that what we deliver is so much more than a battery. In the future, battery energy storage systems like ours will become increasingly important. clean power rapid frequency response our future is at stake a deep respect for our planet’s limited resources. what we deliver is so much more than a battery."
https://www.eco-stor.com/vision-mission,10/23/2023 16:25,"Vision & mission Vision Mission We want to enable our customers to maximize their use of clean energy, reduce their environmental impact and lower their costs. We will do this through the delivery of best-in-class energy storage solutions that are designed, developed, and manufactured with the lowest carbon footprint and the highest ethical and environmental standards. In a future where energy comes from renewable sources, battery energy storage is the solution to ensure the delivery of stable, reliable, and easy-access energy."
https://www.eco-stor.com/resources-brochures,10/23/2023 16:25,"Brochures ""Battery energy storage solutions from ECO STOR"" ""Battery energy storage solutions"" Download our brochures to gain insight in first-life and second-life energy storage solutions from ECO STOR [Data sheet] Take a closer look at our different solutions and their technical specifications. [Company presentation] Learn more about our battery energy storage solutions using first-life batteries and second-life batteries."
https://www.eco-stor.com/news,10/23/2023 16:25,"Newsroom Stay updated! Recycling lithium-ion batteries, from Cell Phones to Electric Vehicles Invest in renewable company Eco Stor next funding round. Eco Stor counts a new board member Eco Stor AS announces contract for delivery of 10MW / 12MWh Battery Energy Storage System. Nissan, ECO STOR, Norsk Gjenvinning and Agder Energi signs MoU around re-use of EV batteries A 20 MW energy storage system under investigation in Germany ECO STOR strengthens team with key hires in Germany Sign-up for weekly updates on new blog posts and premium content from ECO STOR. I agree to allow eco-stor.com updates to send me regular blog updates. 22. february 2022, 2 minute read 20. september 2021, 1 minute read 14. june 2021, 1 minute read 7. june 2021, 1 minute read 11. may 2021, 4 minute read 27. april 2021, 1 minute read 5. march 2021, 1 minute read I agree to allow eco-stor.com updates to send me regular blog updates. * I agree to allow eco-stor.com to store and process my personal data. * Blog Email Subscription (English)"
https://www.eco-stor.com/resources-whitepapers,10/23/2023 16:25,"White papers ""The advantages of battery systems and energy storage in commercial buildings"" ""Fordelene med energilagring og batterisystemer i næringsbygg"" ""Batterisystemer i landbruket"" Download our white papers to gain insight in second-life energy storage solutions for your industry. English ECO STOR started with a vision of solving the challenges brought on by transportation electrification and the challenges associated with more and more electricity coming from renewable sources. These sources, especially the sun and wind, are volatile sources of electricity production... ""Håndteringen av brukte batterier har ikke blitt gjort på en god måte tidligere og i forbindelse med den store bølgen av batterier som er på vei har ECO STOR sett behovet for å gjøre noe med det. På den andre siden øker veksten av fornybar energi dramatisk, altså sol og vind. Dette er værstyrte måter å produsere energi på, som man ikke nødvendigvis kan kontrollere selv. Behovet for å kontrollerer eget forbruk har derfor blitt viktigere enn noen gang."" ""Når infrastrukturen i strømnettet mangler, er batterisystemer en god løsning. Et batterisystem kan lades opp med solceller eller andre former for lokal, fornybar kraftproduksjon, og vil når de er fulladet være klar for å være klare til å gi mye strøm raskt til traktorer og andre maskiner som trenger det."""
https://www.eco-stor.com/webinar-on-demand,10/23/2023 16:25,"Webinar on-demand ""Elbilbatteriers andre liv - fra elbil til bygg"" ""Batterisystemets rolle i landbruk"" ""Batterisystemets rolle: Dagligvaremarkedet og energistasjoner"" ""Batterisystem for bolig"" ""Batterisystemets rolle i næringsbygg"" Access recordings to our previously held webinars Norwegian Et webinar som lærer deg alt du trenger å vite om second-life batterisystemer for bygg. Har du tenkt på at det er penger å spare for både deg selv og fremtidige generasjoner? Ny teknologi for energilagring, gjør det mulig å lagre strømmen du har til overs fra solcellepanel så du kan bruke den når sola ikke skinner. Det å konkurrere på pris er ikke lenger nok. Kan et batterisystem gi deg et konkurransefortrinn? Overproduserer du strøm fra solceller? Og vet du egentlig hva som skjer med elbilbatteriet ditt når det kommer til ""end of life""? Har du fokus på næringsbyggets miljøprofil, og er du nysgjerrig på hvordan et batteri kan drifte bygget bedre? Ny teknologi for energilagring, gjør det mulig å lagre strømmen du har til overs fra solcellepanel så du kan bruke den når sola ikke skinner."
https://www.eco-stor.com/partners,10/23/2023 16:25,"Partners Introducing: Lithium-ion Battery Recycling Facility in Norway Nissan Agder Energi Norsk Gjenvinning Morrow and Li-Cycle Holdings Providing a complete recycling solution through a new partnership ECO STOR in partnership with Li-Cycle Holdings Corp., and Morrow Batteries AS forms a Joint Venture to open a lithium-ion battery recycling facility in Norway. Nissan will provide technical expertise on vehicle battery packs in addition to sharing their expertise on collecting and grading batteries. Also, they will be responsible for keeping an overview of the availability of batteries. Agder Energi will be responsible for financial modeling, energy market and application data, access to the storage market, and recycling and processing of materials. Norsk Gjenvinning will be responsible for evaluating sourcing of scrapped batteries, logistics, and recycling battery installations. Morrow will provide lithium-ion battery manufacturing scrap from its planned battery manufacturing facilities in Norway. Li-Cycle will provide equipment, technology, technical services, and operational management for the recycling facility. “To achieve the climate goals, we must rethink the existing energy system. We are confident that batteries will play an increasingly important role in the years to come. The share of renewable production from solar and wind power is rapidly increasing and contributes to higher volatility. Batteries can help reduce consumption peaks and furthermore work as a security barrier in the future energy system. The reuse of EV batteries provides a cost advantage compared to new batteries, as well as contributing to more sustainable use of resources. This agreement supports Agder Energi´s ambitions within the value chain. Agder Energi pursues reuse and recycling of batteries/battery materials through ECO STOR and ReSiTec, battery cell manufacturing through Morrow Batteries, and battery flexibility for grid systems through Entelios in Germany as well as through the NorFlex-project. With this partnership, we are taking an important step towards realizing a circular economy for the growing battery market.” Steffen Syvertsen, CEO, Agder Energi “Norsk Gjenvinning is looking forward to this partnership with great optimism, and we are excited to develop the battery value chain with our knowledgeable partners in Nissan, ECO STOR and Agder Energi. Strong partnerships are our preferred mode of operation, and the subject-at-hand sits at the heart of our mission to accelerate the circular economy. We recognize the importance of EVs and battery solutions in a green economy. Norway has a large fleet of EVs, making it a strong starting point for creating solutions on an industrial scale. Currently, at Norsk Gjenvinning, we are recycling 35 000 end-of-life vehicles every year, making EEV and battery recycling a natural opportunity for us going forward. As Norway´s leading recycler with a track record of creating solutions for a variety of waste streams, we are ready to put our efforts into the battery value chain. With Nissan’s leading position on EVs and ECO STOR´s robust solution for second-life batteries, Agder Energi´s ambitions and approach to sustainability, combined with Norsk Gjenvinning´s value chain, we have a strong platform together to create future-proof solutions in the battery value chain.” Mats Ellingsen Nygård, Head of strategy, Norsk Gjenvinning ""Working in partnership with Nissan, Norsk Gjenvinning, and Agder Energi to realize a circular economic solution for the growing electric vehicle battery market will represent a paradigm shift in the way this market is addressed. We believe that moving away from smallscale, regional recycling projects towards a high-volume, vertically integrated, and economically viable solution is the catalyst required to make this environmentally crucial opportunity a business reality.” Trygve Burchardt, CEO, ECO STOR AS “Nissan is known for innovation and quality, particularly in our electric vehicles, and over the past decade, we have also pioneered the reuse of batteries as well as other important energy solutions, like vehicle to grid. Nissan has set itself ambitious goals with regards to carbon neutrality across the company´s operations and the lifecycle of its products by 2050. An important part of this is the possibility of extending the lifespan of our batteries. We are happy to be able to utilize our expertise in partnership with ECO STOR, Agder Energi, and Norsk Gjenvinning in order to transform the energy management systems of commercial premises in Europe´s most important EV market, Norway, and hopefully extend to other markets at a later stage.“ Robert Lujan, Managing Director, Nissan Nordic Europe Oy #Envision2030: 17 Goals to transform the world for persons with disabilities. #Envision2030:"
https://www.eco-stor.com/resources,10/23/2023 16:25,"Resources Latest blog posts Latest news BESS - Battery Energy Storage Systems in Use Today Scalable battery solutions for solar power today Safety first: what you need to know about Second Life batteries and their reliability Integrating a scalable Battery Energy Storage System ECO STOR creates transparency in the large-scale storage market 24. august 2023, 3 minute read 2. august 2023, 2 minute read 7. june 2023, 3 minute read 22. may 2023, 2 minute read 31. august 2022, 2 minute read"
https://www.eco-stor.com/applications,10/23/2023 16:25,"Applications Products BEM - battery energy management 1st life 2nd life Spot price optimization Energy management tactics Solar power utilization Frequency services Virtual Power Plant A battery energy management system controls your battery solution by “talking” to the battery and provides it with a series of functionalities that allows you to control how the battery solution is being used. Program your needs and let the applications do their job. Buy energy and store it at times during the day when energy is cheap, and use it when the prizes are high. This way you have full control over when you buy energy and the price you pay for it. ECO STOR offers a whole range of products from one-battery, second-life solutions for use after the meter to large, first-life container systems for use before the meter. Read more about our products and don´t hesitate to contact us if you have questions. Continually monitoring energy consumption and optimizing system performance ensures you can maximize the benefit of your storage system. Eco Stor provides the tools and ongoing support to ensure you get the most from your investment. We continuously develop and evolve the applications of our systems to ensure optimum utilization of the functionalities so you get the most value possible. Products Continually monitoring energy consumption and optimizing system performance ensures you can maximize the benefit of your storage system. Eco Stor provides the tools and ongoing support to ensure you get the most from your investment."
https://www.eco-stor.com/behind-the-meter,10/23/2023 16:25,"Behind the meter Energy storage from solar arrays Optimizing power consumption Recent news articles Customer references ECO POWER FOUR launches in Germany NOK 100 million round to invest in energy storage company ECO STOR What you get With ECO STOR's technology, you get an energy management system that optimizes your power production and consumption behind the meter. Our continuous development of functionalities and applications, ensures that you get a tool that is always providing top-in-class management of your energy consumption. ECO STOR believes that our people and technology can positively contribute to minimising environ-mental issues of the past, improving availability of affordable and clean energy today and ensuring energy security and sustainability long into the future. The company is committed to maintaining the highest ethical, environmental and humanitarian standards as we grow our business and develop our team. We firmly believe that innovation is the key to overcoming our economic and environmental challenges as we move towards the goal of a truly circular economy. Take a look at our delivered projects. We deliver turnkey battery solutions for behind-the-meter services, whether it be for optimizing your power consumption or storing renewable energy from a solar array. ECO STOR 11. october 2023, 1 minute read 5. october 2022, 2 minute read"
https://www.eco-stor.com/products,10/23/2023 16:25,"How we do it What our systems can do for you Second life products Residential Energy Storage Details - Residential Energy Storage Industrial Energy Storage Details - Industrial Energy Storage Grid Energy Storage Details - Grid Energy Storage At ECO STOR we guide you through the whole process from scoping of a project, dimensioning the battery solution to your needs, deciding whether a first- or second-life solution is the optimal choice for you, and building and installing the system on-site. We are also your partner through the lifetime of the batterysolution, providing support and updating your system whenever needed, ensuring that you get the most from your investment. Battery systems are at the heart of everything, from storing energy from small-scale solar arrays on rooftops to frequency regulation of the power grid. Learn more about the applications: System setup and control is provided by a simple App that enables the user to operate the system in several different modes: Designed for ‘behind the meter’ use in business and industrial premises our industrial energy storage systems take a modular approach to simplify system development. Based around two electric vehicle batteries, the basic building block has a minimum of 40kWh of storage and can deliver up to 30kW of power. Modules can be connected to build larger systems in the range of 40kWh to 500kWh. The system incorporates an Energy Management System (EMS) that can be configured to meet your specific application requirements and integration with your Building Management System (BUMS). Suitable for a wide range of storage applications including peak shaving, grid support, frequency regulation, electric vehicle charging and increased utilization of solar. Intended for use in grid support application our largest energy storage systems are designed to be containerised. Incorporating as many as 50 electric vehicle batteries these systems can be configured to provide a wide range of support services to enable maximum return on investment. The system incorporates advanced safety and protection systems to ensure long term reliability and is supplied with our Energy Management System (EMS) that can be configured to meet your specific application and operational requirements. Suitable for a wide range of grid applications including energy trading, peak shaving, voltage support, frequency regulation, transmission & distribution deferral in addition to energy arbitrage."
https://www.eco-stor.com/front-of-the-meter,10/23/2023 16:25,"Front of the meter Renewable energy storage Frequency Regulation ECO STOR GmbH Looking for a behind-the-meter solution? First-life battery solutions utilizing the whole lifecycle of a battery to store energy. ECO STOR GmbH was formed 2021 and is a dynamic German- Norwegian company. The company focuses on the engineering, construction, and operation of large-scale battery storage systems. Agder Energi Venture invested in the company and became the majority shareholder, and was later joined by Klaveness Marine Holdings. This is the solution that provides you as an end-user with a battery management system behind the meter for optimizing power consumption from the grid or from solar arrays on the roof of your building. We deliver battery solutions for front of the meter services like storage of renewable energy or fast frequency regulation. Our fully automated systems are scalable to fit your needs. Behind the meter Battery energy storage systems behind the meter are localised at the energy consumer."
https://www.eco-stor.com/our-solutions,10/23/2023 16:25,"Solutions for Energy storage Our services ECO STOR in Europe WE MAP WE BUILD WE MANAGE We are your provider of services all the way from mapping your needs for energy storage, scaling the energy storage system to those needs, and building and managing said system. Different sizes fit different needs and our solutions are fully scalable all the way from one-battery solutions to big containers fit for frequency regulation of the grid. We monitor, maintain and optimize the battery system throughout its lifetime, changing single batteries as needed, and at the end-of-lifetime of a battery, we make sure it is collected and recycled, to close the loop in the lifecycle of a battery. Read more about our applications and our products: The tools we use enable us to map your needs. We understand how to manage your energy consumption and reduce costs, based on data-driven models. Our solutions are scalable, and we build what you need. Our patented approach to energy storage maximizes performance, reliability, and safety. We provide support throughout the lifetime of a battery solution, ensuring that you get the most from your investment. We monitor your systems continuously, optimizing performance. «Front of the meter» refers to the battery management system being in direct contact with the grid, with the purpose of supplying energy to the grid at short notice when there are drops in the grid frequency (FFR-services). As more and more renewable energy in the form of wind and solar power is being fed into the grid, this is becoming ever more important. «Behind the meter» refers to the battery management system being placed behind the meter of the consumer, whether it be that of a commercial building or a private person. The purpose of a battery energy storing system behind the meter is to optimize the consumer's use of energy, whether it be from the grid or from the self-production of renewable energy from solar panels. You can contribute to creating a stronger grid, make money on an arbitrage and secure a steady supply of the cheapest power available for all times of the day, regardless of the price from hour to hour. By investing in energy storage, you are planning for the future. ECO STOR delivers solutions for battery energy management systems, whether before the meter or after, enabling full control at different levels of the power grid. ECO STOR in Europe We are building large, grid-connected systems in Germany and Norway, and are expanding out business to the rest of Europe. Have a look at our map to get inspired!"
http://www.eco-stor.com/,10/23/2023 16:25,"Delivering the future of energy storage Tailormade solutions Sustainability through a circular economy ECO STOR raises NOK 100 million in new investment round We're hiring! Want to talk? | 30% STORAGE TWH saved Kilos CO2 This website stores cookies on your computer. These cookies are used to collect information about how you interact with our website and allow us to remember you. We use this information in order to improve and customize your browsing experience and for analytics and metrics about our visitors both on this website and other media. To find out more about the cookies we use, see our Privacy Policy Get to know our amazing partners A circular economy is a way to create a closed-loop, sustainable, and resilient economic system, while also reducing the negative impacts of human activity on the environment. In a circular economy, harvested resources are kept in use for as long as possible, and waste and pollution are minimized. The main focus is on designing and implementing products and systems that are regenerative, rather than wasteful. At ECO STOR we aim to be a spearhead in developing a circular economy for the battery industry. Great improvements have already been made, but the biggest breakthroughs lie ahead of us. With our patented and ever-evolving technology, we deliver battery management systems for both before and after the meter. October 5th, 2022 – ECO STOR, the Norwegian provider of energy storage systems, today announces a successful NOK 100 million investment round attracting both existing and new shareholders. “We are excited to see that several well-known and attractive financial and industrial investors are eager to invest in ECO STOR. At this point, we did not want to raise more than NOK 100 million as this placement primarily will facilitate further growth. We are very pleased that some of our biggest shareholders increased their investment in the company,” says Halvor Stokke, CFO of ECO STOR. ECO STOR is growing and we are constantly searching for people to join our team. Do you want to make an impact on the future of clean energy storage, developing the technologies of tomorrow? At ECO STOR you have the possibility of being part of the future, making an impact on the creation of the energy systems the world is transitioning to. Don´t hesitate - read more about our vacant positions, or send an open application today: We know that battery energy systems may seem complex. We´d love to show you what the possibilities are. Don´t hesitate to connect with me to discuss your needs! Leif E. Rønning Sales- and Business Development Manager lr@eco-stor.com I agree to allow eco-stor.com to store and process my personal data. ECO STOR develops and provides innovative battery management solutions for making energy storage available and affordable. Want to talk? | We know that battery energy systems may seem complex. We´d love to show you what the possibilities are. Don´t hesitate to connect with me to discuss your needs! Leif E. Rønning Sales- and Business Development Manager lr@eco-stor.com First name* Last name* Email* Industry - Please select - Real estate Production industry Agriculture Public sector Private Customer Retail and convenience Contractor Housing association Educational institutions Solar panel supplier Message I agree to receive other communications from ECO STOR. I agree to allow eco-stor.com to store and process my personal data. * First name * Last name Email Industry Message I agree to receive other communications from ECO STOR."
https://www.eexion.com/,10/23/2023 16:25,"""Energize N' Go is green sustainable nonflammable and fully recyclable"" Applications Why Us The world is witnessing an electric energy revolution for mobility and stationary applications. Our Technology Founders Board Get in Touch Home Our Team Contact Ultra-Fast Charging 30,000 Charging Cycles Non Flammable Recyclable Low Cost Transportation Micromobility scooters & E-bikes. Electric motorcycles & rikshaws. Shared EV. Warehouse robotics & logistics. Stationary Storage Stationary Peak Shaving. Stationary sustainable energy harvesting. Frequency Regulation. Domestic & off grid solutions Moving away from fossil fuels due to sustainability, safety, and limited supply turning to cleaner electric energy. Current Li-Ion batteries solution facing energy availability, safety, resource, and cost limitations. Cobalt lithium and graphite scarcity hinder reaching an affordable price point in the near future. No surprise the world is in search of a sustainable, available, and cheaper solution for energy distribution for the mobility segment among other applications. EEXION invented a disruptive energy storage technology “Energize-N’-Go” cells that overcome those limitations with an ample of added values that help the efficiency and sustainability of the developing E-Mobility market. EEXIONS Energize-N’-Go cell technology charges in minutes, making an electric gas station concept for e-mobility feasible, safe to go around our cities, fully recyclable, and have a very long life span. our innovation is based on pure Carbon, a highly available and green resource. “Energize-N’-Go “provides instant energy when needed, recharges in minutes, and ready to go... Energize N’ Go is a deep tech chemical innovation, based on a chemically manipulated super-capacitor technology that charges up to 100 times faster than rechargeable batteries with a practically infinite number of charge-discharge cycles. While supercapacitors are used widely for regenerative braking in cars, buses, trains cranes and elevators EEXION'S patentable process and materials technology achieves the range, availability, safety, cost and sustainability required for e-mobility. Dror Sofer Co Founder & CEO Dr. David Malka Co Founder & CTO Pablo Uri Chervin Co Founder & COO Prof. Doron Aurbach Co Founder & Advisor Ofir Gomeh Director CEO at Capital Nature Pjotr van Schothorst Business Angel / Private Investor in Cleantech Startups info@eexion.com Uri +972.52.8377466 Dror +972.54.4404011 ​ Ha Odem 14 Petach Tikva, Israel ©2020 by EEXION. top of page "" Home: Why Us Home: Our Technology Home: Our Team Send Home: Contact bottom of page"
https://easyl.fr/organisation-information/,10/23/2023 16:25,"Who we are What personal data we collect and why we collect it Who we share your data with How long we retain your data What rights you have over your data Where we send your data Your contact information Additional information Comments Media Contact forms Cookies Embedded content from other websites Analytics How we protect your data What data breach procedures we have in place What third parties we receive data from What automated decision making and/or profiling we do with user data Industry regulatory disclosure requirements Our website address is: https://easyl.fr. When visitors leave comments on the site we collect the data shown in the comments form, and also the visitor’s IP address and browser user agent string to help spam detection. An anonymized string created from your email address (also called a hash) may be provided to the Gravatar service to see if you are using it. The Gravatar service privacy policy is available here: https://automattic.com/privacy/. After approval of your comment, your profile picture is visible to the public in the context of your comment. If you upload images to the website, you should avoid uploading images with embedded location data (EXIF GPS) included. Visitors to the website can download and extract any location data from images on the website. If you leave a comment on our site you may opt-in to saving your name, email address and website in cookies. These are for your convenience so that you do not have to fill in your details again when you leave another comment. These cookies will last for one year. If you visit our login page, we will set a temporary cookie to determine if your browser accepts cookies. This cookie contains no personal data and is discarded when you close your browser. When you log in, we will also set up several cookies to save your login information and your screen display choices. Login cookies last for two days, and screen options cookies last for a year. If you select “Remember Me”, your login will persist for two weeks. If you log out of your account, the login cookies will be removed. If you edit or publish an article, an additional cookie will be saved in your browser. This cookie includes no personal data and simply indicates the post ID of the article you just edited. It expires after 1 day. Articles on this site may include embedded content (e.g. videos, images, articles, etc.). Embedded content from other websites behaves in the exact same way as if the visitor has visited the other website. These websites may collect data about you, use cookies, embed additional third-party tracking, and monitor your interaction with that embedded content, including tracking your interaction with the embedded content if you have an account and are logged in to that website. If you leave a comment, the comment and its metadata are retained indefinitely. This is so we can recognize and approve any follow-up comments automatically instead of holding them in a moderation queue. For users that register on our website (if any), we also store the personal information they provide in their user profile. All users can see, edit, or delete their personal information at any time (except they cannot change their username). Website administrators can also see and edit that information. If you have an account on this site, or have left comments, you can request to receive an exported file of the personal data we hold about you, including any data you have provided to us. You can also request that we erase any personal data we hold about you. This does not include any data we are obliged to keep for administrative, legal, or security purposes. Visitor comments may be checked through an automated spam detection service. 2020-09-11T15:34:19+00:00"
https://easyl.fr/easyl-team/,10/23/2023 16:25,"OUR TEAM Julien Thiel Vincent Caldeira Sedik Illoul Salima Fassi Estelle Asenjo Co-founder CTO Research Engineer Chief Executive Laboratory Manager Julien is an experienced engineer professional with 15+ years of experience. He has been responsible of the development of the SHS process and patented calcium zincate enabling a new green process chain for active materials. Vincent has a PhD in electrochemistry from University Grenoble Alpes, done on the investigation of morphological understanding of zinc electrode behaviour and development of architecture electrode. He is inventor of 3 patents in the field of composite active materials or electrodes for rechargeable batteries. Sedik is studying the behavior of proprietary additives in development and use in porous electrodes. His research is focused on optimizing electrodes for rechargeable alkaline batteries. Salima has managed a regional Business Unit for one of the largest healthcare companies. She has a PhD in pharmacy and an MBA from University of Geneva. Estelle is working on the inks formulation to manufacture Zinc electrodes. She studies cyclability curves and the comparison of different electrode compositions. 2021-10-18T07:28:02+00:00"
https://easyl.fr/supporters/,10/23/2023 16:25,"RECHARGE WAB GROUP (NORSK) (BRUSSELS) (BASEL) SINTEF is one of Europe’s largest independent research organisations. Every year we carry out several thousand projects for customers large and small. Visit our site Recharge is Europe’s industry association for advanced rechargeable and lithium batteries, representing a 360° value chain poised to tackle today’s & tomorrow’s challenges. WAB group is an independent Swiss company, focused on special machinery for dispersion, fine grinding and mixing. 2022-05-24T12:41:03+00:00"
https://easyl.fr/contact/,10/23/2023 16:25,Address LET’S GET STARTED Easyl SA 712 Avenue du Faucigny 74130 BONNEVILLE FRANCE International: 00 33 4 50 37 85 90 We’re here to help answer your questions. Your Name (required) Your Email (required) Subject Your Message 2021-06-23T22:23:25+00:00
https://easyl.fr/technology/,10/23/2023 16:25,"Technology Active Materials for Batteries Advanced electrode architecture Zinc battery end-users At Easyl, we develop active materials, based on 20 years of research on ceramic powders for Zinc rechargeable batteries. EASYL has a unique methodology that uses green chemistry to elaborate composites with calcium zincate as a main ingredient. This active material is well-known by the scientific community, but has never been industrialized before. EASYL has developped electrodes for battery manufacturers to help them improve their performances according to electrochemical characteristics. Energy storage e-mobility 2021-07-06T10:15:43+00:00 e -mobility"
https://www.easyl.fr,10/23/2023 16:25,Sustainably produced materials for Zinc Batteries Our Features Supporters Terms & Agreement Privacy Policy Organisation Information Sustainably produced materials for Zinc Batteries SINTEF Recharge WAB HOME TECHNOLOGY TEAM SUPPORTERS CONTACT Linked in j6zki52xvW 2022-05-24T12:30:54+00:00 VIEW OUR TECHNOLOGY VIEW MORE Toggle Sliding Bar Area Go to Top
https://cheesecakeenergy.com/2022/09/26/decarbonising-uk-industry/,10/23/2023 16:25,"In 2021, the UK government set out its industrial decarbonisation strategy as part of its plans to reach Net Zero by 2050. Building on the previously announced 10 Point Plan for a Green Industrial Revolution, the strategy set out the vision for building a greener, more competitive future for the manufacturing and construction sectors – two of the most difficult industries to decarbonise. Organisations across the UK are increasingly making commitments to reduce their carbon emissions and integrate low-carbon technologies into their operations. However, new research suggests that many of these businesses are struggling to deliver on their commitments. In this blog post, we’ll look at some of the challenges industrial companies are facing in decarbonising their operations, how energy storage can help to fast-track electrification efforts and some forward-thinking companies who are leading the charge on Net Zero, despite the challenges. Energy crisis The United Kingdom is currently facing the worst energy crisis since the 1970s, a crisis that MAKE UK have warned threatens to put 6 in 10 British manufacturers out of business. An increase in global demand, together with supply shortages not helped by the Russia-Ukraine war, means that wholesale energy prices have surged. With many commercial energy bills poised to rise more than fourfold this autumn, energy-intensive businesses are being forced to urgently review their energy strategies to reduce their costs and stay afloat. With renewables now cheaper than fossil fuels in most cases, more businesses are exploring the opportunities offered by renewable energy to keep overheads down in the face of continued hikes and uncertainty in the energy industry. Although some of these low-carbon technologies have high initial installation costs, the operational costs are generally low, and the potential long-term savings make for a good return on investment. So, if renewables are now so much cheaper, why aren’t more energy-intensive businesses making the switch to renewables to save on their energy bills? Grid capacity In a recent blog post, we discussed how a lack of available grid capacity is slowing the progress of many green energy projects across the UK. Increasingly, British businesses developing low-carbon projects and seeking to connect to the electricity grid are being quoted hefty sums and connection timescales of up to ten years and beyond for their projects. With decarbonisation targets looming and energy bills rising, British businesses can no longer afford to wait. How energy storage can help Energy storage offers many benefits for industrial companies struggling with energy management, allowing them to operate more sustainably and more efficiently. There are a number of key areas in which companies can expect to see benefits, including the following. Grid upgrade avoidance Energy storage allows businesses to use energy more flexibly, deferring the need for distribution network reinforcement and fast-tracking the decarbonisation projects of energy-intensive industries. Critical backup power With blackouts expected in the UK, and the UK Government encouraging some businesses to cut their consumption over the winter period, reliable backup power will be key for the survival of many companies in the manufacturing and construction sectors. In the event of a grid power outage or energy rationing, energy storage allows companies to remain operational and avoid lost revenue and production. Diesel generator displacement Many UK businesses still rely on diesel power generation to meet their site electricity demands, despite the cost, air quality, noise and environmental impacts of the fuel. Energy storage is a potential solution to guarantee safety and reliability standards while reducing or entirely substituting the need for diesel gensets. Demand charge reduction Energy storage allows energy-intensive businesses to reduce their demand charges by charging the storage system during off-peak hours and discharging during peak hours. This process is known as peak shaving. Companies leading the charge Although many businesses are having to slow their decarbonisation efforts, some have managed to fast-track their plans and are already reaping the benefits. AstraZeneca Pharmaceutical giant AstraZeneca has covered the rooftop of one of the office buildings at its Macclesfield site with solar panels as part of the company’s plan to become carbon-negative across its entire value chain by 2030. The site includes 658 PV panels on one rooftop, which generates 230kW of electricity at peak. All of the electricity generated will be used on-site, which will reduce the facility’s annual carbon emissions by 82 tonnes. Shotwick Solar Park At 72.2MWp, Shotwick Solar Park is the largest solar park in the UK and the largest private wire connection in the UK. Located in Deeside, Flintshire, the solar park supports the UPM paper manufacturing plant which operates 24/7 and manufactures 100% recycled paper. The solar park provides approximately 60% of the factory’s energy needs which saves UPM £800k per year. GlaxoSmithKline GlaxoSmithKline (GSK), another pharmaceutical giant, is developing a 20MW solar project to help power its manufacturing facility in Irvine, Scotland. Two new wind turbines (8MW) will also be installed to help bring the company towards its target of deriving 100% of its global electricity usage from renewables by 2025. The facility generates 40% of the company’s UK manufacturing CO2 emissions. As such, the project is expected to bring a 10,000-tonne reduction in CO2 emissions per year. Decarbonising UK industry will be one of the biggest challenges the UK will face if it is to achieve Net Zero by 2050. To put the challenge in perspective, the sector will have to cut its emissions by at least 90% by 2050, which is equivalent to taking all cars off the road today. Businesses will need to work with each other and their communities to share expertise and to invest in new sustainable solutions to transform the sector for the good of all. Cheesecake Energy is working with a number of UK businesses to help optimise their energy use and achieve their decarbonisation goals. Get in touch with us today to discuss your project. In a recent blog post Energy storage allows businesses to use energy more flexibly, deferring the need for distribution network reinforcement and fast-tracking the decarbonisation projects of energy-intensive industries. Cheesecake Energy is working with a number of UK businesses to help optimise their energy use and achieve their decarbonisation goals. with us today to discuss your project."
https://cheesecakeenergy.com/2022/06/13/energy-storage-and-offgrid-renewables/,10/23/2023 16:25,"Energy storage and offgrid renewables By SARAH KEELEY With energy bills rising and the costs of renewables falling, more businesses and communities around the world are powering their homes and premises using standalone renewable energy systems – small renewable energy systems that can operate separately from the main grid. Wood Mackenzie data shows an estimated 420 million people now use standalone off-grid solar, with another 47 million people relying on minigrids for access to electricity. Off-grid renewable energy systems typically use diesel generators to provide power when there is no sun or wind. However, the increasing costs of diesel and concerns around air quality make them unsuitable for most applications. Energy storage offers a way forward for energy users developing independent electrical systems, providing reliable, round-the-clock electricity in case of emergency. Learn more about offgrid renewables and how energy storage can bring businesses and communities closer toward energy independence. What is driving the growth of offgrid renewable energy? For businesses, the motivation to go off-grid is typically driven by concerns around power outages and ever-increasing commercial energy costs. For communities and island grids, connecting to the main grid can be costly and take years, slowing down economic development. These communities often rely on diesel generators that operate inefficiently with high air polluting emissions, which is a growing public health concern The introduction of offgrid renewable energy systems is an extremely promising opportunity for businesses and communities, with a persuasive business case. Solar and storage is already cheaper than diesel generation in many areas and avoids almost all of the negative impacts on the local area. What are the benefits? The offgrid renewable energy sector has made tremendous strides in the past decade. Here we look at some businesses and communities already tackling energy challenges with offgrid renewables and energy storage. Offgrid Housing, Orkney The Orkney islands are host to a number of groundbreaking renewable energy developments that allow the island’s inhabitants to operate disconnected from the mainland grid. Island communities in Northern Scotland often pay premium rates for their energy because they have less access to the gas network and are reliant on electricity or oil, which is more expensive. The additional electricity demand required for meeting heat loads also increases the likelihood of island residents experiencing fuel poverty. Luckily for Orcadians, the islands are endowed with extensive renewable energy resources of wave, tide and most importantly, wind. Orkney regularly records wind speeds above 90 mph, making the islands a renewable energy powerhouse. Orkney has over 650 wind turbines and thousands of solar panels, generating 130% of the electricity needed. A pioneering pilot project in Orkney saw solar and storage systems deployed in a housing development to boost self-consumption and overcome grid constraints. The Grainbank project linked Tesla battery units to rooftop solar on 30 households to make better use of the renewable generation throughout the day. These batteries were intended to stop excess solar generation from ‘spilling’ onto the local grid, which is already constrained by high levels of intermittent renewable generation. The storage units also charge using wind energy, making use of the plentiful wind energy the island’s turbines produce that would otherwise be curtailed. Solar & Storage Factory, Germany In 2019, multinational tech firm ABB unveiled its CO2 neutral factory in Luedenscheid, Germany. The manufacturing site which produces electrical equipment like sockets and switchers, employs 800 people and consumes a lot of energy As part of the firm’s target to reduce its GHG emissions, the company installed a massive solar photovoltaic array over the site’s car park. According to ABB, it can produce 1,100 megawatt hours of power each year, enough to meet the annual needs of 3,360 homes. On days when the sun doesn’t shine, a battery system with an output of 200 kW and a capacity of 275 kWh, provides needed energy storage to allow the site to continue running efficiently. The site also boasts chargepoints where staff and visitors can charge their electric vehicles free of charge. Africa’s First Solar Village, Morrocco Near Morocco’s sunny Atlantic coast lies the village community of Id Mjahdi – also known as Africa’s first completely solar-powered village. While many villages across Africa use solar power, Id Mjahdi secures all its energy needs from solar energy. Morocco is known around the world as a leader in renewable energy with renewables making up almost two-fifths of its electricity capacity. The country enjoys over 3000 hours of sunshine per year – one of the highest rates in the world, making it an ideal location for solar energy projects. In Id Mjahdi, energy is supplied by 32 solar photovoltaic panels, which generate 8.32 kilowatts of electricity for distribution via a minigrid. The power station is connected to around 20 homes in the village, serving more than 50 people and providing power for home and street lighting and mobile phone chargers. The solar network also has energy storage that can supply up to 5 hours of electricity for use during the night. By training the men and women in the village how to manage and maintain the solar network, the project ensures Id Mjahdi’s energy independence and offers a blueprint for how to power rural villages that are too expensive to connect to the main grid. The future of the offgrid renewable energy sector looks bright. With volatile energy commodity prices increasing globally and renewables growing steadily cheaper, the next decade presents a huge opportunity for the offgrid sector. Cheesecake Energy is working with a number of businesses developing offgrid renewable projects to help reduce their energy bills and achieve their decarbonisation goals. Have a project in mind? Get in touch with us today. With energy bills rising and the costs of renewables falling, more businesses and communities around the world are powering their homes and premises using standalone renewable energy systems – small systems that can operate separately from the main grid. Wood Mackenzie data shows an estimated 420 million people now use standalone off-grid solar, with another 47 million people relying on minigrids for access to electricity. Off-grid renewable energy systems typically use diesel generators to provide power when there is no sun or wind. However, the increasing costs of diesel and concerns around air quality make them unsuitable for most applications. For businesses, the motivation to go off-grid is typically driven by concerns around power outages and ever-increasing commercial energy costs. For communities and island grids, connecting to the main grid can be costly and take years, slowing down economic development. These communities often rely on diesel generators that operate inefficiently with high polluting emissions, which is a growing public health concern Reduce reliance on fossil fuels and diesel generators Offgrid renewable energy systems can operate separately from the main grid and are designed to provide power when the traditional grid is not functional, such as during a blackout Offgrid systems allow businesses and communities to take control of their energy use, allowing them to more accurately predict their energy costs and free themselves from rising utility rates The Orkney islands are host to a number of groundbreaking renewable energy developments that allow the island’s inhabitants to operate disconnected from the mainland grid. Island communities in Northern Scotland often pay premium rates for their energy because they have less access to the gas network and are reliant on electricity or oil, which is more expensive. The additional electricity demand required for meeting heat loads also increases the likelihood of island residents experiencing fuel poverty. Luckily for Orcadians, the islands are endowed with extensive renewable energy resources of wave, tide and most importantly, wind. Orkney regularly records wind speeds above 90 mph, making the islands a renewable energy powerhouse. In 2019, multinational tech firm ABB unveiled its CO 2 neutral factory in Luedenscheid, Germany. The manufacturing site which produces electrical equipment like sockets and switchers, employs 800 people and consumes a lot of energy As part of the firm’s target to reduce its GHG emissions, the company installed a massive solar photovoltaic array over the site’s car park. According to ABB, it can produce 1,100 megawatt hours of power each year, enough to meet the annual needs of 3,360 homes. On days when the sun doesn’t shine, a battery system with an output of 200 kW and a capacity of 275 kWh, provides needed energy storage to allow the site to continue running efficiently. The site also boasts chargepoints where staff and visitors can charge their electric vehicles free of charge. Cheesecake Energy is working with a number of businesses developing offgrid renewable projects to help reduce their energy bills and achieve their decarbonisation goals. Have a project in mind? Get in touch with us today. Facebook-f Linkedin-in"
https://cheesecakeenergy.com/careers/,10/23/2023 16:25,"Careers Shape The Future of Energy New Technology Huge Commercial Potential Adventure Discover Your Potential Mechanical Design Engineer (Nottingham) Process Engineer (Nottingham) Controls/Test Engineer (Nottingham) Piping Design Engineer (Nottingham) Commercial Analyst (Flexible) Why Work With Us? We are always on the lookout for talented individuals to join our team. At Cheesecake Energy we’re building a new energy storage technology from existing parts, and drawing on skills from across the automotive, oil and gas and process industries to bring our cleantech solution to life. If you’re interested in being part of the solution to climate change we want to hear from you! Work on a societal game-changer in energy storage and renewable energy integration Help to develop a concept that’s won Shell GameChanger and Innovate UK awards Join a start-up about to make waves in a relatively untouched market JOB OPENINGS If you think you’d be a good fit for these roles or have other skills you’d like to bring then get in touch at jointheteam@cheesecakeenergy.com and enclose a CV and covering letter. Cheesecake Energy is committed to being an equal opportunities employer and places a high value on equity. We actively encourage applicants from diverse and underrepresented backgrounds. Play Video about Cheesecake Energy team Help to develop a concept that’s won Shell GameChanger and Innovate UK awards"
https://cheesecakeenergy.com/investor-relations/,10/23/2023 16:25,"Investor Relations CEL at a Glance Energy Storage Market Sizes The CEL Advantage We are EIS Approved Ready to Invest? Inspired by market pull from the global mining industry and formally incorporated in 2016, based on over 10 years of prior research at the University of Nottingham, CEL is a startup on a mission to accelerate the decarbonisation of the supply of electricity around the world by making energy storage more affordable. The company’s flagship product eTanker is a modular and containerised thermal and compressed air energy storage system particularly well suited to medium-scale, medium-duration applications (150 kW - 30 MW, 0.75 MWh - 300 MWh). The company is currently designing a prototype system for completion in Q2 2022 which will be deployed with a local vehicle depot for the charging of electric vans using renewable energy. 10 patent families protecting both the core configuration and specific sub-components £3.1m in non-dilutive funding since 2019 Experienced management team and advisory board Valued at $59 billion in 2019 with a combined energy storage deployment of 164 GWh, the International Energy Association (IEA) estimates that in order to keep global warming below 2 degrees Celsius, the world will need approximately 266 GW of energy storage by 2030. Under current trends, Bloomberg New Energy Finance predicts that the global energy storage market will hit that target, and grow quickly to a cumulative 942 GW by 2040 (representing $620 billion in investment over the next two decades). $50bn by 2025 $46bn by 2025 $40bn by 2030 No competing technology offers the combination of features which are ideal for the medium scale, medium-long duration applications which most transportation, commercial, industrial and urban environment customers require. ​​ eTanker is the world’s greenest energy storage technology. It has the lowest cradle to grave environmental footprint of any comparable system The eTanker system is a thermo-mechanical energy storage system which stores energy as compressed air and heat. It has significantly lower capex than the market leading alternative, and lower total cost of ownership. Power and energy capacity are scaled independently of one another, helping size projects efficiently and further reduce capex. eTanker helps keep electricity grids more stable, and delivers 4x more energy than lithium-ion batteries without losing capacity over its 25 year lifetime. With your investment, our development will help to increase renewable generation and improve access all around the world. Besides the feel-good factor that investing in CleanTech brings, there are plenty of other reasons to invest in Cheesecake Energy... Unlike Lithium Ion, the current market leader, CEL ensures its sustainability from end to end. Its value chain is free of conflict, all batteries suffer minimal degradation and are fully recyclable The skills and spare parts required for maintenance are widely available in the automotive repair industry which is relevant in developing countries where battery commissioning, operation, maintenance and decommissioning skills are rare CEL’s core mission – to unlock a fast and affordable transition to a low carbon future – is well-aligned with a number of the UN’s Sustainable Development Goals. We recognise their strategic importance for our business and for the world and are dedicated to helping achieve them Through the use of repurposed truck engines, wider manufacturing of our energy storage systems will provide a ‘Just Transition’ and offer of alternative employment for automotive industry workers as car manufacturing facilities wind down to reach the UK Governments’ goal to end the sale of new petrol and diesel cars by 2030 The Enterprise Investment Scheme (EIS) is a government-backed initiative offering tax reliefs to UK taxpayers who buy new shares in qualifying companies. Valued at $59 billion in 2019 with a combined energy storage deployment of 164 GWh, t he International Energy Association (IEA) estimates that in order to keep global warming below 2 degrees Celsius, the world will need approximately 266 GW of energy storage by 2030. Under current trends, Bloomberg New Energy Finance predicts that the global energy storage market will hit that target, and grow quickly to a cumulative 942 GW by 2040 (representing $620 billion in investment over the next two decades). No competing technology offers the combination of features which are ideal for the medium scale, medium-long duration applications which most transportation, commercial, industrial and urban environment customers require. ​​"
https://cheesecakeenergy.com/2023/04/12/cheesecake-energy-awarded-9-4m-to-install-energy-storage-systems/,10/23/2023 16:25,"Cheesecake Energy Awarded £9.4m In Government Funding To Install Energy Storage Systems Leave a Reply By MIKE SIMPSON NOTTINGHAM, Nottinghamshire, April 2023 — Cheesecake Energy Ltd (CEL), a developer of sustainable thermal and compressed air energy storage, has been awarded £9.4m funded through the Net Zero Innovation Portfolio (NZIP) by the UK Government’s Department of Energy Security and Net Zero to install a set of pilot energy storage systems in Colchester. The funding was awarded by the government’s Longer Duration Energy Storage competition, part of its commitment to investing in clean energy technology and reducing the country’s carbon footprint. With the funding, CEL plans to install energy storage systems in a new mixed-use development in Colchester, which is being set up as a microgrid to manage the grid constraints in the local area. The site will have a solar farm of up to 8MW and a central heat pump that supplies a district heating network for nearby residents and businesses. The energy storage systems will store excess energy generated by solar power, which can then be used when demand is high, reducing reliance on fossil fuels and the grid, and lowering carbon emissions. “Energy storage is a critical component of the energy transition. We are delighted to receive this support from the UK government, which will enable us to accelerate our mission of delivering our green energy storage technology around the world.” said Paul Harris, CEO of CEL. “This funding will also help CEL as we build a global partner network that will work with us to manufacture, deploy and service our systems.” Minister for Energy Security and Net Zero Graham Stuart said: “Storing energy for longer periods is vital to build a robust and secure energy system and ensure that renewable energy is used efficiently. Fortunately, the UK has a wealth of pioneering businesses that are making their mark on this industry.” CEL’s energy storage systems are made from readily available materials produced by supply chains that already exist in the UK and internationally. They are flexible, scalable, and easy to install, making them accessible to a wide range of customers. The systems can be configured to deliver the specific combination of power and storage duration that best meets customers’ needs, providing reliable and affordable energy storage. About CEL Cheesecake Energy Ltd (CEL) is developing the world’s most sustainable energy storage technology for integrating renewable generation, microgrids and electric vehicle charging. Their breakthrough system uses industrial hardware in a proprietary configuration to deliver an energy storage technology offering greater resilience and lower cost than lithium-ion batteries. The company is based in Nottingham and has previously received support from National Highways, Shell GameChanger, InnovateUK and the Advanced Propulsion Centre. About the Department for Energy Security and Net Zero The Department for Energy Security and Net Zero will provide dedicated leadership focused on delivering security of energy supply, ensuring properly functioning markets, greater energy efficiency and seizing the opportunities of net zero to lead the world in new green industries. The Department is focused on the energy portfolio from the former Department for Business, Energy and Industrial Strategy (BEIS). This includes managing the £1 billion Net Zero Innovation Portfolio which provides funding for low-carbon technologies and systems and aims to decrease the costs of decarbonisation helping enable the UK to end its contribution to climate change. 12 APR"
https://cheesecakeenergy.com/get-in-touch/,10/23/2023 16:25,"Contact Location Our hours Contact us Sir Colin Campbell Building, Triumph Rd, Nottingham NG7 2TU 09:00 AM – 06.00 PM Monday – Friday Email: info@cheesecakeenergy.com Twitter Linkedin"
https://cheesecakeenergy.com/markets/,10/23/2023 16:25,"Markets Enabling a Low-Carbon Future Learn more about the role of medium-duration energy storage in the energy system of the future Heavy Industry The electricity systems we have developed over the last century are now facing urgent need for redesign. The threat of climate change, an increasing share of intermittent renewable energy sources like solar and wind and the rapid adoption of electric vehicles all pose challenges to existing electricity systems globally. Energy storage has become an essential part of the new electricity mix, providing flexible power supply, reducing costs and ensuring reliable services for end-users. In a future low-carbon energy system, storage will be needed at all points of the electricity system. CEL’s system can deliver benefits all the way along the electricity value chain, at generation, distribution and consumption. The current low voltage electricity grid is not equipped to handle the rapid adoption of electric vehicles which will require fast charging infrastructure. CEL’s technology gives up to 4x the charging capacity from the same grid connection, reducing costs and making electric fleets possible sooner. End users of CEL’s technology will also save on grid connection upgrade costs, be able to maximise their use of cheaper and greener sources of electricity, and participate in revenue-generating grid stability services. For microgrid developments and off-grid communities, energy storage plays a key role in the successful integration of renewable sources to prevent outages. CEL’s eTanker system supports the reliable, resilient, and cost-effective operation of microgrids. Our high capacity battery helps to balance generation and load, integrate intermittent renewables, and provide an opportunity for earning additional revenue through grid services. As increasing levels of renewables are integrated into the electrical system, operators will need to rely on longer-duration storage to balance energy delivery. eTanker helps renewable plant operators to address the intermittency issues of renewable energy and perform more like conventional generating plants. In the process, energy storage can also help plant operators create new revenue streams and maximise plant profitability. Energy-intensive heavy industry companies are under increasing investor & government pressure to curb carbon emissions. Heavy industry and mining operations particularly face high energy costs well above those for typical grid-connected energy users, to transport fuel and run diesel generators. eTanker enables heavy industry companies to reduce the dependence on fossil fuels and the environmental impact of these industries by enabling deeper integration of renewable energies."
https://cheesecakeenergy.com/media/,10/23/2023 16:25,"News Why More UK Businesses Are Turning To Microgrids For Energy Resilience Grid Constraints: The Roadblock Slowing Electrification Progress The Road To 100% Renewables And The Role Of Grid Inertia CEL Awarded BEIS Long-Duration Energy Storage Funding Cheesecake Energy Appoints New CEO Beyond Lithium: Competitive Alternatives To Lithium-Ion Batteries CEL Secures £445k BEIS Funding A Just Transition For Oil & Gas And Automotive Workers CEL Receives Solar Impulse Efficient Solution Label Green Jobs At Cheesecake Energy CEL Announces New Board Members Cheesecake Energy Secures £1M Seed Investment Energy Storage Landscape Local Climate Action Infographic Communities In Charge: How Community Groups Are Working To Achieve Net Zero Medium-Duration Energy Storage: The Key To A Low-Carbon Future Cheesecake Energy Wins OZEV Funding UK Energy Infographic CEL Wins Grant And Accelerator Support Cheesecake Energy Secures University Of Nottingham Investment Cheesecake Energy Announces Solar Energy Storage Pilot With Nottinghamshire County Council Categories Tags Cheesecake Energy Ltd (CEL), a developer of sustainable thermal and compressed air energy storage, has been awarded £9.4m funded through the Net Zero Innovation Portfolio (NZIP) by the UK Government’s Department of Energy Security and Net Zero to install a set of pilot energy storage systems in Colchester. UK businesses are increasingly making commitments to reduce their carbon emissions. This post explores the challenges they face and how energy storage could help fast-track electrification In this post, we look at some of the businesses and communities around the world benefitting from offgrid renewable energy systems with storage. In this post, we look at the benefits of microgrids and energy storage and some forward-thinking microgrid projects in the UK. Grid constraints and the costly and time-consuming process of grid reinforcements are hampering electrification efforts. Could energy storage solve this issue? One of the most complicated challenges of a 100% renewable power grid is how to replace the inertial stability provided by traditional synchronous generators. CEL has been awarded funding as part of the UK Government’s BEIS Longer Duration Energy Storage Demonstration (LODES) competition. The funding will accelerate development and commercialisation of CEL’s eTanker system. Paul Harris, former Director of Economic Development at Rolls-Royce, has joined energy storage startup Cheesecake Energy as Chief Executive. In this post, we look at some alternative energy storage solutions to lithium-ion batteries and their potential applications Cheesecake Energy has been awarded £445K BEIS funding. The funding will support product development of CEL’s eTanker system. As the energy storage industry grows, the sector will need many of the same kind of skills and experience as the automotive and oil and gas industry. CEL's sustainable energy storage technology, eTanker was recently attributed the Solar Impulse Efficient Solution Label Cheesecake Energy recently appeared on BBC East Midlands to discuss our technology and the potential for green jobs Cheesecake Energy has announced new appointments to its Board of Directors today, including a new Chair. Cheesecake Energy secures £1M seed investment to accelerate the development of its eTanker storage system Check out the latest edition of our Energy Storage Landscape to keep updated with the ever-changing industry. Find out more about community energy in the UK and how communities and local authorities are working together to help achieve Net Zero In the year the UK hosts COP26, find out how community groups and local authorities across the country are tackling the Net Zero challenge. With increasing pressure on commercial and industrial sectors to decarbonise, a new market is emerging for medium-duration energy storage. Cheesecake Energy has been awarded grant funding for our EV-Tanker storage solution by the Office for Zero Emission Vehicles (OZEV) in partnership with Innovate UK. The UK Government published its long-awaited Energy White Paper revealing the scale and opportunity of the energy transition. Read this infographic for the key points. Cheesecake Energy have been awarded business support and funding from the Advanced Propulsion Centre UK's Technology Developer Accelerator Programme. Cheesecake Energy Limited (CEL) today announced it has received investment from the University of Nottingham to support UK-wide pilot programmes for the company's energy storage solution. Cheesecake Energy Ltd today announced its energy storage pilot with Nottinghamshire County Council for charging of its electric bus fleet with on-site solar. Electric Vehicle Investment Local Authorities Renewables Solar 19 May 2022 6 April 2022 28 February 2022 22 February 2022 15 February 2022 17 January 2022 14 December 2021 13 November 2021 4 November 2021 4 October 2021 27 September 2021 21 September 2021 18 August 2021 21 July 2021 7 July 2021 18 March 2021 20 April 2020 15 December 2019"
https://cheesecakeenergy.com/about-us/,10/23/2023 16:25,"About Us United Around A Shared Vision Our Values Meet The Team Paul Harris Prof. Seamus Garvey Dr Bruno Cardenas Henry Franklin Ashley Micklewright James Garvey Dr Sam Roberts Alex Sandford Bradley Clayton Henry Cooke Matt Andrews Mark Collins Bogdan Dumitru Perry Saunders Meet The Board Adam Parr Peter Chamley Gareth Brett Günter Butschek Dennis Atkinson Customer First Innovation Sustainability Integrity Our flagship eTanker storage system is built around a commitment to sustainability, ensuring a minimal environmental footprint from design through manufacturing and recycling. By repurposing off-the-shelf hardware from the automotive and compressed natural gas industries, our technology ensures longer cycle-life, capital cost reductions, financial savings and, most of all, long-term sustainability. Underpinned by a customer-first approach and a continued commitment to innovation, we are dedicated to helping clients to optimise their energy use and achieve their decarbonisation goals for a greener, cleaner planet. We are passionate about our clients’ success and bring insights, agility, and innovation to co-create value As an engineering company, innovation is our lifeblood. We actively seek creative and innovative ways to apply our expertise and experience to advance energy storage technologies and the wider energy ecosystem We recognise that our business has an important role in developing and protecting the earth’s natural resources and in securing its long-term sustainability for future generations We are genuine, open and honest in our actions. We honour our commitments and treat our clients’ challenges and objectives as our own. Coming together initially around a body of research at the University of Nottingham, we’re an experienced team with a background in industry, business and academia, on a mission to accelerate the decarbonisation of the supply of electricity around the world by making energy storage more affordable. CCPO | Founder CEO CTO | Founder System Design | Founder Head of Programmes Manufacturing Engineer Design Engineer | Founder Systems Integration Lead Engineer Design Engineer Systems Team Lead Workshop Engineer QHSE Lead Mechanical Engineer Executive Chairman | Former CEO Williams F1 Non-Executive Director | Former Chair of Arup Australasia Non-Executive Director | Former CEO Highview Power Non-Executive Director | Former CEO of Tata Motors Investor Director"
https://cheesecakeenergy.com/our-technology/,10/23/2023 16:25,"Our Technology Introducing ETanker Benefits LONG LIFE LOW DEGRADATION LOW COST RESILIENCE MODULAR SAFE Cheesecake Energy’s eTanker energy storage system is a stationary, medium to long-duration energy storage solution which delivers cheap, reliable, efficient energy storage in a modular, containerised package. The technology stores energy in the form of heat and pressurised air, re-tasking ex-service truck engines to become zero-emission electrical power-conversion machines for putting energy into storage and recovering it from storage. The resulting system does not use diesel or any fuel. It is safe, straightforward to operate, has a lifetime of up to 25 years and can deliver turnaround efficiencies of around 70%. Low degradation, 25+ year lifetime 10,000 cycles, 100% depth of discharge Low cost, earth abundant materials Mechanical inertia to support a variety of grid stability services Modular for deployment anywhere No emissions or harmful chemicals Lithium-ion currently dominates the market for new medium-scale projects. Whilst it is well suited to mobile applications and for delivering short bursts of power to the grid, for stationary applications that need to deliver power for many hours at a time, it is a costly and environmentally damaging solution. CEL’s eTanker system can supply full power for up to 20 hours at a fraction of the cost over 25 years versus lithium-ion’s 5-10 year lifetime. And unlike lithium-ion, eTanker can be fully recycled, with the lowest lifetime environmental footprint. At Cheesecake Energy, we’re driven by circular economy principles from design and manufacturing through to implementation and maintenance. Our mechanical system utilises benign, plentiful, and fully recyclable raw materials to ensure a negligible environmental footprint. For its air compressors, our eTanker system reuses ex-service truck engines, using electric motors to drive the pistons and compress air, all without combustion or emissions. Instead of custom-made pressure vessels, the system stores the high-pressure air in skids from the compressed natural gas industry, allowing for faster deployment times as well as exploiting existing supply chains and substantial economies of scale. Play Video Lithium-ion currently dominates the market for new medium-scale projects. Whilst it is well suited to mobile applications and for delivering short bursts of power to the grid, for stationary applications that need to deliver power for many hours at a time, it is a costly and environmentally damaging solution. Like Loading... %d"
https://www.cheesecakeenergy.com/,10/23/2023 16:25,"The World's Greenest Battery Cheesecake Energy Industry Renewable Generation EV Charging Microgrids Cheesecake Energy Awarded £9.4m To Install Energy Storage Systems Decarbonising UK Industry Energy Storage And Offgrid Renewables Get In Touch Quick Links Get a slice of Cheesecake straight to your inbox Get in Touch Sign up for our newsletter We won't track your information when you visit our site. But in order to comply with your preferences, we'll have to use just one tiny cookie so that you're not asked to make this choice again. Cheesecake Energy is developing the world’s greenest energy storage technology, lowering the cost of medium to long-duration energy storage, and turning renewable energy sources like wind and solar into reliable, on-demand power. Our breakthrough system, eTanker uses thermal energy storage and compressed air to achieve costs that are 30-40% lower than that of the cheapest batteries currently available, by repurposing long-lasting, proven industrial components from existing automotive, oil and gas equipment supply chains. Cheesecake Energy Ltd (CEL), a developer of sustainable thermal and... UK businesses are increasingly making commitments to reduce their carbon... In this post, we look at some of the businesses... Cheesecake Energy Ltd is registered in England and Wales. Company number 10317962. Registered address: Ingenuity Centre, Triumph Road, Nottingham, Nottinghamshire, NG7 2TU Our breakthrough system, eTanker uses thermal energy storage and compressed air to achieve costs that are 30-40% lower than that of the cheapest batteries currently available, by repurposing long-lasting, proven industrial components from existing automotive, oil and gas equipment supply chains. Learn more Mike Simpson 12 April 2023 CEL 26 September 2022 13 June 2022 Load More Registered address: Ingenuity Centre, Triumph Road, Nottingham, Nottinghamshire, NG7 2TU Loading Comments..."
https://www.clean-energy-global.com,10/23/2023 16:25,"Error: Timeout 30000ms exceeded.
=========================== logs ===========================
navigating to ""https://www.clean-energy-global.com/"", waiting until ""load""
============================================================"
https://clean-e.de/impressum/,10/23/2023 16:25,"Impressum Angaben gemäß § 5 TMG Clean-E Solartechnik GmbH Ulmenstr. 22 42855 Remscheid Handelsregister: HRB 32876 Registergericht: Amtsgericht Wuppertal Vertreten durch: Carsten Heiermann Umsatzsteuer-ID Umsatzsteuer-Identifikationsnummer gemäß § 27 a Umsatzsteuergesetz: DE 338728094 Aufsichtsbehörde Handwerkskammer Düsseldorf Georg-Schulhoff-Platz 1 40221 Düsseldorf https://www.hwk-duesseldorf.de/ EU-Streitschlichtung Die Europäische Kommission stellt eine Plattform zur Online-Streitbeilegung (OS) bereit: https://ec.europa.eu/consumers/odr/. Unsere E-Mail-Adresse finden Sie oben im Impressum. Verbraucherstreitbeilegung/Universalschlichtungsstelle Wir sind nicht bereit oder verpflichtet, an Streitbeilegungsverfahren vor einer Verbraucherschlichtungsstelle teilzunehmen."
https://clean-e.de/karriere/,10/23/2023 16:25,"Offene Stellen bei Clean-E PV-Monteur Obermonteur PV-Anlagen Geselle im Elektrohandwerk und Elektrohelfer Meister im Elektrohandwerk Warum Clean-E? Photovoltaik ist technisch anspruchsvoll und umfasst viele verschiedene Gewerke. Wir freuen uns auf erfahrene Handwerksmeister, erfahrene und auch ganz frische Gesellen und sehr gerne auch Quereinsteiger. Du bist handwerklich geschickt – dann werden wir dir alles Spezialwissen über den Bereich Photovoltaik vermitteln, im Job und auch in regelmäßigen externen Schulungen. Natürlich bezahlen wir sehr gute Stundenlöhne und Gehälter. Das tun andere aber auch. Was wir versprechen: Bei uns macht die Arbeit Spaß! Wir haben niedrige Hierarchien, eher wie ein modernes StartUp, als ein „alter Handwerksbetrieb“. Was das bedeutet? Zum Beispiel, dass Deine Stimme zählt, dass derjenige Recht hat und entscheidet, der sich am besten auskennt. Du kannst und sollst mitgestalten, so dass wir als Team jeden Tag noch ein bisschen besser werden. Nicht zuletzt sind unsere Mitarbeiter in Ihrem Freundeskreis gefragte Leute und haben schnell einen Expertenstatus. Photovoltaik und Wallboxen sind extrem stark gefragt. Damit bist du sehr stark gefragt! Unsere Leistungen für dich. Bewirb Dich jetzt Über unser Kontaktformular Wir rufen innerhalb von zwei Werktagen an. Per Mail an info@clean-e.de Per WhatsApp an 0171/3377023"
https://clean-e.de/solar-knowhow/,10/23/2023 16:25,"Know How für zukünftige Anlagenbesitzer Eines unserer wichtigsten Anliegen ist, unseren Kunden Sicherheit zu geben. Am liebsten schon, bevor sie unserer Kunden werden. Deshalb fangen wir hier direkt damit an und erklären dir so kurz und bündig wie möglich, was die wesentlichen technischen Faktoren und Bedingungen einer optimalen Solaranlage sind. Was ist eine Photovoltaikanlage? Wie funktioniert eine Photovoltaikanlage? Wird mein Strombedarf komplett von der Photovoltaikanlage abgedeckt? Lohnt sich ein Batteriespeicher? Förderung für Photovoltaikanlagen Wie komme ich zu meiner optimalen Photovoltaikanlage Süd – Ost, West oder gar Nord? Hast Du Fragen, die hier beantwortet werden sollten? Eine Photovoltaikanlage erzeugt Strom. Anders als zum Beispiel eine Solarthermieanlage, die warmes Wasser erzeugt. Photovoltaik ist natürlich viel flexibler und damit lohnenswerter, denn neben elektrischer Energie kann man mit seinem eigenen Strom vom Dach auch Wärme und sogar Kälte erzeugen, zum Beispiel über eine Wärmepumpe oder einen Heizstab im Warmwasserspeicher. Bei einer Photovoltaikanlage erzeugen die Module auf dem Dach aus dem Licht der Sonne elektrischen Strom. Gleichstrom um genau zu sein. Dieser wird über einen Wechselrichter, der typischerweise in der Nähe des Zählerschrankes platziert wird, in Wechselstrom verwandelt, so wie er in unseren Stromnetzen fließt. Der Wechselrichter kann gleichzeitig – idealerweise mit dem Gleichstrom vom Dach und ohne Wandlungsverluste – eine Batterie laden. Zur Anlage gehört dann in der Regel noch ein SmartMeter, also ein im Zählerschrank eingebautes Messgerät, mit dem der Wechselrichter ermittelt, ob zum Beispiel die Batterie bei überschüssiger Produktion vom Dach gerade geladen werden sollte. Oder besser Entladen, um den Hausverbrauch aus der Batterie zu unterstützen. Das SmartMeter erlaubt auch die Steuerung einer Wallbox oder einer Wärmepumpe, um den Verbrauch so zu steuern, dass möglichst viel eigener Sonnenstrom verwendet wird. In der Regel eher nicht. Fast kein Haus hat so viel Platz auf dem Dach, das auch an Wintertagen mit wenig Licht genug Strom erzeugt werden kann. Man benötigt also weiterhin einen Netzanschluss, um Lücken abzudecken, die immer dann entstehen, wenn das Haus mehr verbraucht als die Photovoltaikanlage, ggf. zusammen mit der Batterie, gerade zur Verfügung stellen kann. Aber auch umgekehrt, produziert die Photovoltaikanlage gerade mehr Strom, als Haus und Batterie aufnehmen können, so fliesst der Strom ins Netz zurück. Diese sogenannte „Überschusseinspeisung“ wird nach dem EEG (Erneuerbare Energien Gesetz) mit einem für 20 Jahre ab der Inbetriebnahme der Anlage garantierten Preis pro kWh vergütet. Das Thema „Speicher oder nicht“ in der privaten Photovoltaikanlage wird kontrovers diskutiert. Zunächst ist zu überlegen, was mit dem Speicher erreicht werden soll. Stromkosten sparen? Autarkiegrad – also die Deckung des Strombedarfes aus der eigenen Anlage – erhöhen? Oder gar Not- oder Ersatzstrom bei Netzausfall bereitstellen? Geht es um Kostenersparnis bei der Stromversorgung, muss man beachten, dass ein Speicher nur Strom sparen kann, wenn er einerseits an möglichst vielen Tagen im Jahr voll wird und andererseits natürlich auch durch den nächtlichen Strombedarf auch wieder geleert wird, damit er am nächsten Morgen wieder für eine volle Ladung bereitsteht. Wirtschaftlich betrachtet sollte die Kennzahl des Speichers in kWh daher etwa halb so groß sein wie die Kennzahl der PV-Anlage in kWp. Natürlich haben viele Anlagen aufgrund der individuellen Anforderungen der Anlagenbetreiber größere Speicher, wissend, dass die Erhöhung der Autarkie einfach Geld kostet oder um zum Beispiel nächtliches Laden eines Elektroautos zu ermöglichen. Immer wieder legen Städte und Landkreise kleinere regionale Förderprogramme für Photovoltaikanlagen auf. Darüber hinaus kann man über seine Hausbank vergünstigte Kredite der staatlichen KfW-Bank erhalten. Aktuell gibt es in NRW ein landesweites Programm mit attraktiven Förderbeträgen für Wallboxen – sofern diese im Zusammenhang mit einer neuen Photovoltaikanlage installiert werden. Hier geht’s zu unserer 5-Schritte-Anleitung > Es muss nicht immer das Süddach sein! Natürlich hat ein Süddach mit idealer Neigung den höchsten Ertrag. Aber Ost/West Dächer liefern früher am Tag mehr Strom und abends auch länger. Ein Vorteil für Eigenverbrauchsanlagen – denn oft ist morgens und abends der Strombedarf im Haus höher. Und Nord? Ist das Dach nicht zu steil und sind Süd und Ost/West Flächen entweder schon belegt oder nicht verfügbar, dann lohnt sich sogar die Belegung eines nach Norden gerichteten Daches. Im Winter und an Tagen mit schlechtem Wetter – die wir ja leider viel zu oft haben – tragen Module auf Nord genauso viel bei wie die auf Süd. Im Jahresdurchschnitt ist im Norden mit 60% des Ertrages im Vergleich zu einem Süddach zu rechnen."
https://clean-e.de/referenzen/,10/23/2023 16:25,"Clean-E Referenzobjekte Seid Inbetriebnahme Ende März hat unser Kunde ganze 33kWh Strom eingekauft! Dank 18,45 kWp PV-Anlage verteilt auf Süd, Ost, West und Nord. Huawei 10KTL-M1 Wechselrichter mit 10kWh Huawei Speicher. Dazu eine Myenergi Zappi Wallbox, die perfekt das Laden mit überschüssigen Strom von der PV beherrscht. Der Kunde hat den Wechselrichter mit dem Energiemanagement seiner Hausautomatisierung verbunden, so dass alle großen Verbraucher jetzt die Sonne nutzen! Das war ein toller Auftrag von einem super netten Kunden, der uns viel Spaß gemacht hat! #Huawei# FusionSolar #myenergi #loxone #cleanesolartechnik 14,76 kWp in Verbindung mit einer smarten Wallbox, die das Laden des E-Autos mit dem Überschuss an Strom der PV-Anlage beherrscht. Wenige Wochen in Betrieb und schon über 2.000kWh erzeugt. Komplett schwarze Module mit #Huawei Wechselrichter und #myenergi #zappi Wallbox."
https://clean-e.de/kontakt/,10/23/2023 16:25,Carsten Heiermann Clean-E Solartechnik GmbH Ulmenstr. 22 42855 Remscheid Kontakt Telefon: 02191/6905356 Telefax: 02191/5922441 E-Mail: kontakt@clean-e.de *
https://clean-e.de/ueber-uns/,10/23/2023 16:25,"Das Unternehmen Clean-E ist in der Handwerksrolle und im Installateursverzeichnis der Netzbetreiber eingetragener Elektrobetrieb. Dabei sind wir spezialisiert auf Photovoltaikanlagen, Speicherlösungen, E-Ladestationen, Energiemanagement und Abrechnungssysteme. Wir übernehmen dabei alle Arbeiten von der Beratung, der Planung über die mechanische und elektrische Installation und Inbetriebnahme bis hin zum Antragswesen und Anmeldungen. Wir liefern unsere Anlagen schlüsselfertig. Für Leistungen, die wir nicht selbst erbringen können etwa im Bereich Gerüstbau, Tiefbau und Wärmepumpen haben wir leistungsfähige Partner. Unser Sitz ist in Remscheid, unser Einsatzgebiet reicht von Bonn bis Münster und von Mönchengladbach bis Hamm. Zertifikate · Huawei Zertifizierter Installateur. · Myenergi Installateur Zertifikat. Vision Clean-E Solartechnik GmbH hat sich zum Ziel gesetzt, in den kommenden 10 Jahren so viele Photovoltaik-Anlagen zu installieren oder zu betreiben, dass mit der erzeugten elektrischen Energie dieser Photovoltaikanlagen ein ganzer Block eines Kohlekraftwerks ersetzt werden kann. Mission Als ausführendes Element der Energiewende errichten wir maßgeschneiderte und schlüsselfertige Photovoltaikanlagen für Privatanwender und die Industrie. Wir kümmern uns um alle Aspekte, von der ersten Planung über die Anbindung ans Versorgungsnetz bis zur Inbetriebnahme, inklusive aller elektrotechnischen Arbeiten und angrenzenden Komponenten wie Ladeinfrastruktur für Elektroautos und Energieabrechnungssysteme. Dabei achten wir auf die Auswahl zuverlässiger Komponenten mit langjähriger Garantie, die wir mit handwerklicher Leidenschaft installieren. Um einen relevanten Anteil zur Energiewende beizutragen, müssen wir immer lieferfähig sein – trotz aller Schwierigkeiten im Beschaffungsmarkt. Daher setzen wir als stark wachsendes Unternehmen auf ein eigenes gut bestücktes Lager, sehr gute Lieferantenbeziehung und den direkten Import unserer Photovoltaikkomponenten. Leistungen Beratung Planung Realisierung Projektleitung Generalunternehmer für Photovoltaik Gerüstbau Lieferung von Photovoltaikkomponenten und Ladeinfrastruktur Dachmontage Elektroinstallation Nieder- und Mittelspannung Zählerwechsel Netzanschluss Antragswesen Beratung zu Fördermitteln Produkte Maysun Solar Photovoltaikmodule Huawei Wechselrichter, Optimierer und Batteriespeicher myenergi Wallboxen"
http://clean-e.de,10/23/2023 16:25,"Clean-E Grünes Licht für deine Energie Solar für Privat: optimiert für dich in jeder Lage. Eine Photovoltaikanlage zu errichten, erscheint zunächst komplex. Wir sind hier, um es für dich einfacher zu machen. Schau dir an, wie du in 5 einfachen Schritten zu deiner optimal abgestimmten Photovoltaikanlage kommst > Weiter. Oder schreibe uns: Solar für‘s Gewerbe: totale Effizienz mit Clean-E. Industrie- und Gewerbekunden sowie landwirtschaftliche Betriebe stehen stark steigenden Strompreisen gegenüber oder müssen sich der Herausforderung der Dekarbonisierung und der CO2 Reduzierung stellen. Dabei haben Unternehmen weitergehende Herausforderungen. Oftmals geht es bei Hallendächern zunächst um die Statik. Mit unseren Planungswerkzeugen erstellen wir Anlagenplanungen, die mit Statikern und Architekten abgestimmt und auf die Gegebenheiten angepasst werden. Wir klären mit den lokalen Netzbetreibern die technischen Anschlussvoraussetzungen und helfen natürlich auch bei der Entscheidung zwischen Eigenverbrauchsanlage, EEG oder Direktvermarktung und Volleinspeiseranlagen. Hier kannst du als Gewerbekunde Kontakt aufnehmen > In 5 Schritten mit Clean-E zur optimalen eigenen Solaranlage 1 – Kontakt aufnehmen oder WhatsApp an 0171/3377023. Clean-E meldet sich innerhalb von zwei Werktagen für ein erstes Gespräch zurück. 2 – Klärung des Potentials und des Bedarfs · Nach dem Erstgespräch klären wir vor Ort oder anhand von Bildmaterial, Zeichnungen und sonstigen Unterlagen ab, welches Potential dein Haus hat – wieviel Photovoltaik passt auf dein Dach, welche Anlagengröße passt zu deinem Bedarf. Dabei entwickeln wir auch Lösungen für Besonderheiten wie Schatten oder Gauben, die deine Anlage beeinträchtigen könnten. · In dem Zuge prüfen wir auch den Stand der Elektroanlage, wobei wir immer versuchen werden, bestehende Zählerschränke zu ertüchtigen und den technischen Anforderungen zum Anschluss einer Photovoltaikanlage gerecht zu werden. · Brauchst du noch eine Wallbox? Diese werden aktuell in NRW stark gefördert (Link: https://www.bra.nrw.de/energie-bergbau/foerderinstrumente-fuer-die-energiewende/foerderung-von-ladeinfrastruktur-fuer-elektrofahrzeuge) – vor allem im Zusammenhang mit der Errichtung einer neuen Photovoltaikanlage. Natürlich helfen wir dir bei der Antragstellung für die Fördermittel. · Und wie sieht es mit einem Batteriespeicher für deine neue Photovoltaikanlage aus? Ist ein Speicher wirtschaftlich sinnvoll, wie groß sollte dieser sein? Welchen Anspruch an die Autarkie hast du und wie können wir den für deine Anlage erreichen? 3 – Planung und Angebot · Jetzt erstellen wir eine erste technische Planung der zu deinen Anforderungen optimal passenden Anlage. Und natürlich auch ein Angebot. Alles inklusive. Mit einem Festpreis für dich, versteht sich. 4 – Ortstermin und Details · Sagen dir Planung und Angebot weitgehend zu, kommt es spätestens jetzt zu einem Ortstermin. Hier besprechen wir das Angebot und nehmen – so noch nicht geschehen – alle Details vor Ort auf. Sollten sich noch Änderungen ergeben, erhältst du eine aktualisierte Planung und ein aktualisiertes Angebot. Und wenn es nötig wird, weil Sich zum Beispiel Dinge ändern, wiederholen wir den Prozess so lange, bis es 100% für dich passt. 5 – Bestellfertiges Festpreisangebot · Mit dem finalen Festpreisangebot löst du bei uns eine Bestellung aus und schon geht es in die Umsetzungsphase. Jetzt hier > Kontakt aufnehmen und die fünf Schritte machen! Öffnen Schließen Nach Oben"
https://www.cenate.com/career-opportunities/,10/23/2023 16:25,"CAREERS Product Manager Process Engineer/ Chemical Engineer Battery Cell Scientist and/or Technician World changing, new battery materials. Will you join us on the way ? Cenate has until recently been testing most of its new materials at external labs. Going forward, we will move the majority of this key activity inhouse. For our new cell line at Forskningsparken, we are therefore now searching for a Product Manager. Cenate is currently scaling up its chemical processes from small scale to full commercial scale. To complement our team, we are seeking a candidate with good insight into thermodynamics and gas phase reactions and processing, preferably with strong background from industrial processing plants. The position is newly established and will report to the COO. The position is newly established and will report to the CTO. Supervision from experienced electrochemists will be available. The work will mainly be performed at the Cenate laboratory at Forskningsparken, near the Blindern subway station in Oslo."
https://www.cenate.com/products/,10/23/2023 16:25,"Beyond nano technology PRODUCTS Application areas Silicon Nano Robust Silicon Nano Composites Higher energy density Lower carbon footprint Lower production cost Suitable both for graphite based and non-graphite anodes Safety We are currently offering material samples only under NDA. CONSUMER ELECTRONICS AUTOMOTIVES ENERGY STORAGE SYSTEMS Introducing Silicon into the anode so that the energy density of a battery increases and still lasts for many years is a true challenge. Cenate has after more thousands of iterations developed a new, highly efficient and lasting solution to this problem. Our new proprietary materials have characteristics that make them a perfect match for long lasting silicon anodes with record high energy density. Our Silicon Nano Robust product series – a unique, new material that can provide our partners with a material tailored to provide improved cycle life for the battery Our Silicon Nano Composites are our latest and brand new product series – a proprietary, new material that can be used as a drop-in replacement in todays Lithium batteries Cenate’s new nano composites can reduce battery size by up to 30% and increase energy density by more than 40%. Our very high capacity, Coulumbic efficiency and calendaring strength make our products perfectly suitable for record high battery energy densities. Currently, most of the battery anode materials for EV batteries rely on graphite-based active materials. Synthetic graphite (primarily used in EV batteries) is produced by a very energy inefficient industrial process (requires high temperatures over a long period of time) and results in high direct CO2 emissions. One kilo of Cenate’s silicon-based anode material can replace 4 to 7 kilos of graphite, thereby reducing the CO2 emissions per kWh by more than 94% compared to today’s practice. Additionally, the use of Cenate’s products will increase capacity and reduce costs for electric vehicle batteries, thereby contributing to make EVs more attractive and increasing the transition speed from combustion engine vehicles to EVs. With the use of our material, all the batteries produced in a battery factory will have higher capacity so that the total number of GWh produced in the battery factory will increase, without any changes in the current production lines or capital needs. Our high Coulumbic efficiency will also contribute heavily to lowering the battery production cost compared to other silicon anode materials currently being used. Silicon containing anodes can be classified in two categories; (i) The anodes that use graphite as a starting point and applies silicon around it and (ii) the anodes that are based on completely new micron size particles that are developed from nano silicon particles without the use of graphite. Cenate’s particles are suitable for both these approaches, and is currently also being used by both. Silicon is a non-toxic material and the most abundant element on earth. Cenate’s silicon-containing anode materials have undergone rigorous testing inhouse and in third-party labs to ensure their safety under normal operating conditions, and have been proven to meet the required safety and quality requirements. Silicon anode batteries offer high performance capacity as compared to other conventional batteries. The replacement of graphite anode with silicon is expected to be one of the biggest trends in the global battery market. Cenate’s silicon-containing material can be used in the following battery applications: 3G/4G Cell Phones Laptops Tablets MP4 Players Digital Cameras Drones Plug-in Hybrid Electric Vehicles Hybrid Electric Vehicles Electric Vehicles Electric Bicycles Power plants Deep Cycle Emergency Backup Industrial Battery Marine Battery"
https://www.cenate.com/about/,10/23/2023 16:25,"Key Owners and Sponsors Members of the board ABOUT Dr. ERIK SAUAR Dr. MARTIN KIRKENGEN Dr. WERNER O. FILTVEDT PEDRO GARCIA CRUZ OLAV LEREN MOEN Cenate is a Norwegian company developing and producing silicon-containing anode materials to be directly used in today´s lithium ion batteries. The company is collaborating with some of the world’s leading battery producers and builds on Norway’s long silicon industrial competence as well as the Dynatec network with its 200 employees. CEO CTO COO Senior Project Manager Business Development Manager RICHARD OLAV AA CHAIRMAN OF THE BOARD CFO in Bonheur ASA HELGE AASEN CEO of Elkem ASA JEAN-BAPTISTE CURIEN Investment Manager, Nysnø JOSEF FILTVEDT CEO of Dynatec Group AS WERNER FILTVEDT COO of Cenate AS CHRISTIAN MUST Must Invest HÅVARD MOE CTO in Elkem ASA"
https://www.cenate.com/contact/,10/23/2023 16:25,"CONTACT CENATE HEADQUARTER – CENATE PILOT PLANT For any general inquiries, please fill in the following contact form:"
https://www.cenate.com/news/,10/23/2023 16:25,"NEWS Cenate gears up for production of Cutting-Edge Silicon Anode Material both in Norway and the USA Cenate nominated for 50 m€ IPCEI support by the Norwegian government Cenate’s nano silicon material passes EV requirements CENATE wins 15 MNOK research grant Cenate’s Erik Sauar to advice the government on climate investments CENATE AS starts construction of a full scale pilot reactor for nano Silicon anode material CENATE AS secures financing for scaling up its unique nano Silicon anode material Cenate Starts Operation at its Mini-Pilot in Askim Cenate secures a 16 mnok research grant Cenate is excited to announce its strategic move towards mass production in both Norway and the United States. Leveraging its innovative product and process, the company is gearing up to establish robust production facilities on two continents. Cenate is grateful and excited to see that the Norwegian government and State Secretary of Commerce, Jan Christian Vestre has decided to join the Important Projects of Common European Interest for the battery industry. Cenate’s unique and proprietary silicon based nano material has now showed in both internal and customer tests that it is likely to pass the formal requirements for use in future electric vehicles. This is a new anode material for Lithium batteries that shall make it possible for the EV battery producers to both lower cost and increase energy storage density. The material is the result of intensive research and development over several years including extensive testing with some of the world’s leading battery producers, and is still being continuously optimized and improved. The Norwegian government has called on a small team of Norwegian experts from industry, finance and academics to evaluate the conditions and market in Norway for climate friendly investments. Norwegian CENATE AS today announced the closing of a 6 MUSD financing round. The funds shall be used for scaling up its newly developed Cenate Silicon Nano Robust material, a patent pending material that makes it possible for the EV battery producers to both lower cost and increase energy storage density. The material is the result of intensive research and development over several years including extensive testing with some of the world’s leading battery producers. Today Cenate started operation at its mini-pilot reactor in Askim. The reactor is initially split in two process chambers and shall be used to further develop Cenate’s new and proprietary silicon based anode materials for use in future lithium ion batteries. In 2021 also a third process step will be added. The mini-pilot is designed to be able to deliver material samples from a few grams and up to 2 or even 10 kg at a later stage. The Norwegian Research Council today announced that Cenate has been awarded a 16 MNOK research grant for its 33 MNOK HAST project in 2020 and 2021. This project is a follow up of a similar two year project carried out in 2018 and 2019 delivering some highly promising results for a new nanomaterial that can prolong the durability of silicon in a battery anode."
https://www.cenate.com/partners/,10/23/2023 16:25,COLLABORATIVE PARTNERSHIPS Silicon anodes are advanced products. Our new anode materials represent a new and critical platform material for this market and can be tailored to your needs. We collaborate closely with some of the world’s best cell manufacturers and are now open for one or two more partnerships with strong cell makers. Contact We use cookies to give you a better user experience. Read more about our privacy management her.
https://www.cenate.com/,10/23/2023 16:25,DELIVERING THE KEY TO YOUR SILICON ANODE Cenate’s new proprietary materials offer a series of benefits for your new high energy density anode Cenate Headquarter Cenate Pilot Plant HIGHER ENERGY DENSITY LOWER CARBON FOOTPRINT LOWER PRODUCTION COST SUITABLE BOTH FOR GRAPHITE BASED AND NON-GRAPHITE ANODES Introducing Silicon into the anode so that the energy density of a battery increases and still lasts for many years is a true scientific and industrial challenge. Cenate’s new proprietary nano composites have characteristics that make them a perfect match for long lasting silicon anodes with record high energy density. READ MORE Rakkestadveien 1 1814 Askim Norway Tel: +47 915 57 968 post@cenate.com Holtskogen 15 1825 Tomter Tel: +47 916 16 063 LinkedIn Copyright 2023 © Cenate AS | ALL RIGHTS RESERVED YOUR PRIVACY We use cookies to give you a better user experience. Read more about our privacy management her. I AGREE
https://cellcius.com/en/?wg-choose-original=false,10/23/2023 16:25,"CELLCIUS THERMAL BATTERY STORING HEAT AND USING IT AGAIN LATER: LET'S START AN ENERGY REVOLUTION! SPEEDING UP HEAT TRANSITION BASED ON SALT AND WATER DISRUPTIVE CO2 REDUCTION AFFORDABLE NO HEAT NETWORK REQUIRED COOLING AS WELL AS HEATING TWO COMPLEMENTARY USE CASES MAKING WASTE HEAT VALUABLE OUR MISSION: ACCELERATING THE ENERGY TRANSITION WANT TO STAY INFORMED? A core challenge in the energy transition is to move away from natural gas to sustainable heating solutions. Cellcius Heat Battery Technology helps accelerate this transition. By capturing waste heat or electricity from industry, data centers and horticulture. And releasing it at any given time or location, without loss of energy. In the Netherlands alone there is enough residual energy available to supply 3 million homes with all the warmth needed. Cellcius makes it happen, fast, CO2-neutral and affordable. The heat transition cannot be achieved by only using heat pumps, sustainable combustion, and collective heat networks. Because buildings are not compatible, the grid is congested, and investment risks are high. The Cellcius heat storage system charges on readily available energy sources, at relatively low costs and without extra load to the grid. No explosion or fire hazard, no toxic or unsafe substances. Cellcius Heat Battery technology works with two simple and safe ingredients: salt and water, better: a salt hydrate and water vapor. Add those together and it releases heat that you can harness. In an endlessly repeatable cycle. The heat battery itself has no emissions and makes heat that would otherwise be lost valuable. By using residual heat in places where there is heat ""left over"", houses can be heated without gas. This means an enormous reduction in CO2 emissions, since no extra gas needs to be burned for the heat used. Because the heat battery makes use of the most common raw materials on earth (water and salt) and uses heat that is already available, the cost per kWh/th is extremely low. Because Cellcius Heat Battery Technology does not require an extensive heat network, the technology can be deployed quickly. The thermal battery can store heat. This means that, as heat disappears from the air, the battery can also cool air. Cellcius' technology offers two applications: [cellcius.local] and [cellcius.mobile], which together provide flexible and future-proof heat solutions. [Cellcius.local] is a closed system located at a fixed location. Local waste heat, locally generated power or available electricity at low spot prices is stored in the battery. During peaks in heat demand or at times of higher energy prices, the Cellcius battery releases heat or cooling into the existing piping system. [Cellcius.mobile] makes it possible to capture waste heat in one place and transport it by road, rail or water by battery container to another place. Without loss of energy. Empty batteries are replaced by full ones, which, via the existing pipeline system, provide a continuous supply of heat or additional heat during peaks in demand. Impression of temporary heat battery with a capacity of 10 GJ and an output of 100 kW to heat several houses Residual heat is heat that would otherwise go up in the air and thus be worthless. Thanks to Cellcius' Heat Battery Technology, this heat, waste heat, can be made valuable. By using the enormous amount of low temperature heat (waste and renewable heat) for space heating and cooling, large quantities of houses can be heated. By using this heat, it is possible to reduce CO2 emissions from heating individual houses by 55-100%. Image Raymond Rutting / de Volkskrant Cellcius Thermal Battery Technology in the news Heat batteries full of salt could 'take millions of homes off gas' Tapping residual heat in industry to heat offices and homes later. Dutch scientists have been successful with a so-called heat battery. Crucial ingredient of that battery? Ordinary salt. [read more] With the heat battery technology, we can cool, heat and, of course, store heat. For the industrial and residential environment. The result: we can use energy much more intelligently and reduce peak loads in supply and demand. This is how we change the energy world and accelerate the transition to a more sustainable one. Subscribe to our newsletter to be informed of developments around Cellcius once every six months. Horsten 1 Room 0.23 5612 AX Eindhoven info@cellcius.com Cellcius is affiliated with: DISCOVER ALL THE BENEFITS READ THE WHOLE ARTICLE STORING HEAT AND USING IT AGAIN LATER: STORING Room 0.23"
https://cellcius.com/about-cellcius/,10/23/2023 16:25,"OVER CELLCIUS Het is onze missie om de warmtetransitie te versnellen door warmte voor iedereen beschikbaar te maken, overal en altijd. Cellcius bv is in 2020 opgericht om de technologie die binnen TNO en TU Eindhoven is ontwikkeld op commerciële basis verder te brengen en in de markt te zetten. De focus van Cellcius zal in eerste instantie liggen op het beschikbaar maken van industriële restwarmte op plekken en momenten waar vraag naar warmte is. Het prototype van de Cellcius Warmtebatterij wordt op dit moment getest op het terrein van de TU Eindhoven, naast het kantoorgebouw van Cellcius. Er zijn meerdere getekende LOI’s met potentiële klanten, waarmee Cellcius mikt op marktintroductie in 2026. Mascha Sanders CEO Eddy Allefs CTO Pim Donkers Technology Lead Jelle Houben System Architect Olaf Adan CSO Mathijs Koens CFO Marja Willemsen HR Manager Gert van den Berg Business Developer Marielle van Loon Management Assistant Ara van den Eijnde Chemical Lab Engineer Tom Chermin Mechanical Engineer Gido Vermeer Application Engineer Denise Veldhuis Marketing & Communication Zenith Holtman Jr Engineer Marijn van Lingen Chemical Engineer Willem Rietdijk Jr. Software Engineer George Leenknegt Mechatronic Engineer Carst Hoopman Application Engineer"
https://cellcius.com/nieuws/,10/23/2023 16:25,"PUBLICATIES IN DE PERS Die Salzbatterie: Energie der Zukunft? Cellcius haalt 1,2 miljoen op om met restwarmte van industrie en zoutbatterij woningen te verwarmen. Ruim een miljoen euro voor Eindhovense zoutbatterij Hierdoor wordt de energierekening straks een stuk lager (maar dat duurt wel even) La batería de sal que eliminará las calefacción de gas Uitvinding TU Eindhoven: verwarm je huis met deze batterij met zout Verwarmen we binnenkort onze huizen met zout? Deze Nederlandse uitvinding zou de energietransitie weleens rap kunnen versnellen L1 over warmtebatterij Cellcius De beste tech-awards zijn uitgereikt! Nederlandse zoutbatterij kan huizen van energie voorzien Nederlandse warmtebatterij krijgt beurs van fonds Bill Gates Zout als de sleutel voor een nieuw energienetwerk Bill Gates investeert in Nederlandse warmtebatterij en ijzerpoeder Geld Bill Gates naar Eindhoven Warmtebatterij Cellcius in Nieuwsuur Woonwijkje wordt straks verwarmd met zout en water Uitvinder warmtebatterij heeft haast: ‘We verspillen nu letterlijk energie’ iHeat@Home I Olaf Adan – Project leader MINISTER ROB JETTEN BEZOEKT CELLCIUS CELLCIUS WINT DE ACADEMIC START-UP COMPETITION CELLCIUS IS OP DE CLEANTECH 50 TO WATCH LIST GEKOMEN ￼ CELLCIUS BELOOND MET DE GERARD EN ANTON PHILIPS PRIJS CELLCIUS WINT PRIJS KLIMAATCOALITIE BILL GATES ALTERNATIEVEN VOOR DE CV-KETEL: ZIJN DIE WEL ZO VOORDELIG? UITVINDER WARMTEBATTERIJ HEEFT HAAST: ‘WE VERSPILLEN NU LETTERLIJK ENERGIE’ UPSCALING BY DOWNSIZING: HOE DE WARMTEBATTERIJ 2.0 TOT STAND KWAM. “Dertig miljard m3 aardgas. Dat is het equivalent van de 125 PJ warmte die de Nederlandse industrie jaarlijks verspilt. [...] Na een lang selectieproces waarin duizenden start-ups door de jury geëvalueerd zijn was het dinsdag eindelijk zover; de finale [...] Elk jaar worden de 50 meest veelbelovende bedrijven van over de hele wereld bij elkaar gebracht op 1 lijst, [...] Al 8 jaar op rij worden elk jaar de 10 meest veelbelovende startups beloond met de Gerard en Anton [...] Breakthrough Energy, een private investeringscoalitie opgericht door Bill Gates, kent Explorer Grant toe aan Cellcius. Het is één van [...] Nieuwsuur, 17 september Van het gas af gaan voor je verwarming was nog nooit zo aantrekkelijk. Alternatieven voor de [...] Ardi Vleugels / Artikel in het Financieel Dagblad, 26 juni Nieuwe kennis moet de energietransitie versnellen en de toekomst [...] Het afgelopen jaar hebben we binnen Cellcius gewerkt aan het opschalen en door ontwikkelen van de tweede generatie thuisbatterijen. Dit [...] Lees hier onze post Lees meer Bekijk hier het item Download hier het artikel https://fd.nl/tech-en-innovatie/1444640/uitvinder-warmtebatterij-heeft-haast-we-verspillen-nu-letterlijk-energie https://youtu.be/282sovtWPNU https://www.zdf.de/nachrichten/heute-in-europa/die-salzbatterie-energie-der-zukunft-100.html https://linkmagazine.nl/cellcius-haalt-12-miljoen-op-om-met-restwarmte-van-industrie-en-zoutbatterij-woningen-te-verwarmen/?v=796834e7a283 https://www.ed.nl/eindhoven/ruim-een-miljoen-euro-voor-eindhovense-zoutbatterij~af2e8fae/ https://www.rtlnieuws.nl/economie/life/video/5314484/hierdoor-wordt-de-energierekening-straks-een-stuk-lager https://www.elconfidencial.com/tecnologia/novaceno/2022-04-27/calefaccion-sal-remplaza-gas-rusia_3414566/ https://www.rtlnieuws.nl/editienl/artikel/5304441/warmtebatterij-zout-onderzoekers-tu-eindhoven-uitvinding https://www.vrt.be/vrtnws/nl/2022/04/28/verwarmen-we-binnenkort-onze-huizen-met-zout/ https://www.trouw.nl/duurzaamheid-natuur/deze-nederlandse-uitvinding-zou-de-energietransitie-weleens-rap-kunnen-versnellen~b3ce5766/ https://www.volkskrant.nl/nieuws-achtergrond/warmtebatterijen-vol-zout-kunnen-miljoenen-huishoudens-van-gas-afhalen~b8156334/ Beluister hier de radio uitzending LEES ALLE ARTIKELEN"
https://cellcius.com/warmtebatterijen-vol-zout-kunnen-miljoenen-huishoudens-van-gas-afhalen/,10/23/2023 16:25,"WARMTEBATTERIJEN VOL ZOUT KUNNEN ‘MILJOENEN HUISHOUDENS VAN GAS AFHALEN’ Theorie en praktijk Drie tot zes miljoen huishoudens van het gas Warmtebatterij als airco Uncategorized Bard van de Weijer / Artikel in Volkskrant, 25 April Halverwege het gesprek haalt Olaf Adan een glazen buisje uit zijn broekzak met witte bolletjes ter grootte van peperkorrels. Hij giet er een beetje kraanwater bij en overhandigt het aan de verslaggever die bij het aanpakken bijna zijn vingers brandt; het buisje is gloeiend heet geworden. Wat Adan (hoogleraar technische natuurkunde TU Eindhoven, hoofdonderzoeker bij TNO) zojuist overhandigde is een warmtebatterij, een accu voor warmte. Het principe is als volgt: laad de batterij op bij plaatsen met veel restwarmte, bijvoorbeeld bij een energiecentrale, en gebruik die warmte later op een andere plaats, bij woningen of kantoren. In tegenstelling tot Lithium-ion-accu’s in elektrische auto’s, bevat de batterij waar Adan en mede-onderzoekers in Eindhoven aan werken, geen giftige chemicaliën, geen zeldzame of kostbare materialen. De warmte die erin gaat, blijft oneindig bewaard tot je haar nodig hebt. Wat is het wonderspul in deze batterij? Zout. Kaliumcarbonaat, om precies te zijn – ongevaarlijk, goedkoop en overvloedig beschikbaar. Het thermochemisch proces dat ten grondslag ligt aan de warmtebatterij, is al lang bekend. Door water te verdampen uit zout, verandert de kristalstructuur en neemt het energie op. Die energie kan zonder verlies getransporteerd. Voeg vervolgens water toe en er komt warmte vrij. Veel warmte. Een kubieke meter zout kan 1,3 gigajoule energie opslaan. Dat is omgerekend 361 kilowattuur, net zo veel als in de accu’s van ongeveer zeven middelgrote e-auto’s past. Hoewel het principe dus algemeen bekend is, wordt de warmtebatterij nog maar nauwelijks toegepast. Dit komt, zoals zo vaak, doordat theorie en praktijk zich niet makkelijk laten verenigen. Zo was het zout vaak niet stabiel (het valt na een paar keer laden en ontladen uiteen) en was er geen betaalbaar apparaat dat de warmte eenvoudig op kon slaan en weer los kon weken uit het zout. ‘Op deze twee punten hebben we de laatste jaren een doorbraak bereikt’, zegt Adan in zijn kantoor in Eindhoven. De onderzoekers zijn erin geslaagd de zoutkorrels stabieler te maken en hebben een apparaat gebouwd dat de opgeslagen energie makkelijk kan oogsten. De installatie die in de hal van zijn Eindhovense kantoor staat, lijkt verdomd veel op de cv-installatie zoals die bij veel Nederlanders op zolder staat. De componenten zijn ook tamelijk eenvoudig: er is een ventilator, nodig om lucht vermengd met waterdamp langs de zoutkorrels te blazen. Er is een drukvat waar de zoutkorrels in een bed liggen, een warmtewisselaar om de warmte aan en af te voeren, een verdamper en een condensor – allemaal standaardspul. ‘Komt zo van de plank.’ Het mooie is dat het vermogen dat de installatie afgeeft, regelbaar is afhankelijk van de warmtebehoefte. ‘We werken met een temperatuur van ongeveer 65 graden Celsius’, zegt Adan. Daarmee kan het systeem zo worden aangesloten op een bestaande cv-installatie. Dit biedt grote mogelijkheden om het warmtegebruik in Nederland te vergroenen, stelt de hoogleraar. Duurzame warmte is een van de pijlers onder de energietransitie. Nu minister Jetten van Klimaat biomassa voor warmtetoepassingen tot taboe heeft verklaard en Nederland sowieso al nauwelijks van het gas te krijgen was, dreigt ook dit onderdeel van de overgang naar duurzame energie vast te lopen. Adan heeft goed nieuws: zijn vinding kan drie tot zes miljoen huishoudens van het gas halen. Restwarmte is er in Nederland in overvloed: ongeveer 1,5 petajoule per jaar. Dit is laagwaardige warmte, onder de 150 graden Celsius, waar de industrie weinig mee kan. Ze wordt daarom geloosd op het oppervlaktewater of in de lucht. Vang die warmte in Adans zouten en transporteer ze naar plekken waar het nodig is. Bijvoorbeeld in een grote kantoorbatterij, of een flinke unit in de wijk, waar de installatie het zout weer kan omzetten in warm water. Het voordeel van het opslaan en transporteren van restwarmte is dat er geen grote warmtenetten nodig zijn, zegt Adan. Die zijn duur, de aanleg vergt veel tijd, ze hebben hoge aanloopverliezen (omdat het warmtenet vaak eerst moet aangelegd en er pas later klanten komen) en als de warmtebron wegvalt, is het leidingnet waardeloos. Met de methode-Adan kun je warmte overal ophalen en afleveren, bij wijze van spreken zoals de kolenboer vroeger de kolenkit in de achtertuin vulde. En als een warmtebron verdwijnt, haal je de warmte elders, zegt de hoogleraar. ‘Een veelbelovende toepassing’, zegt hoogleraar vaste stof chemie Elias Vlieg van de Radboud Universiteit. Er wordt volgens hem nu op veel plaatsen aan de keten gewerkt, maar ziet dat ook nog veel onderzoekswerk nodig is. ‘Zo weet ik nog niet zeker of kaliumcarbonaat de beste kandidaat is’, zegt hij. Kan best, maar mogelijk zijn er nog zouten met een nog hogere energiedichtheid. Om hun vinding commercieel uit te kunnen baten, is de Eindhovense onderzoeksgroep een start-up begonnen: Cellcius. Volgend jaar begint een proef in Limburg waarbij warmte wordt gewonnen bij industriecomplex Chemelot, die naar woningen in Sittard-Geleen wordt getransporteerd. Hoogleraar Adan heeft nog een laatste troef: in huizen en kantoren kan zijn warmtebatterij ook ‘andersom’ werken: in de zomer kan warmte uit gebouwen worden gebruikt om water uit het zout te halen (en er dus energie in te stoppen). Door warmte aan gebouwen te onttrekken, fungeert het systeem als een airco. De in het zout opgeslagen warmte kan op een later moment weer worden gebruikt. Vlieg is positief: ‘Ik ben ervan overtuigd dat we hele terrein van interessante mogelijkheden nog lang niet hebben afgegraasd.’ Orginele artikel op Volkskrant.nl"
https://cellcius.com/applications/industry/,10/23/2023 16:25,"TOEPASSING FOOTPRINT VERKLEINEN EN DUURZAAM IMAGO VERGROTEN 100% VEILIG INTERESSE IN CELLCIUS WARMTEBATTERIJ? De Cellcius warmtebatterij is een laag vermogen-hoge capaciteit opslag-oplossing voor lage temperatuurniveaus (tot 150 °C) en maakt gebruik van veilige, betrouwbare techniek en van de meest voorkomende basisgrondstoffen op aarde: zout en water. Cellcius maakt het mogelijk om warmte veilig verliesvrij voor langere tijd op te slaan en maakt warmte transporteerbaar zonder dat hier een speciaal warmtenetwerk voor nodig is. Restwarmte vanuit de industrie en bijvoorbeeld datacenters kan zo efficiënt en tegen lage kosten worden opgeslagen en gebruikt worden voor verwarming van huizen en kantoren. Technische specificaties Temperatuuropslag mogelijkheden variërend van 30 tot 150 °C Capaciteiten van 1 GJ – 800 GJ à 1-100 m3 Vermogens van 1 kW tot 10 MW Hogere vermogens en capaciteiten mogelijk met modulaire opbouw Met Cellcius warmtebatterij technologie is het eenvoudig mogelijk om ongebruikte warmte, restwarmte, op te slaan en als warmte-energie te leveren aan residentiële en niet-residentiële locaties. Doordat warmte wordt opgeslagen in een vast en veilig materiaal is het vrij transporteerbaar (zonder warmteverlies) en onafhankelijk van de locatie weer te gebruiken. De Cellcius Warmtebatterij heeft de perfecte footprint door volledige herbruikbaarheid actief materiaal. Daarnaast is de techniek eenvoudig, robuust en duurzaam. Door niet gebruikte, overtollige energie energie ook te benutten wordt de footprint binnen de industrie verkleind. Daarnaast draagt het actief gebruik maken van Cellcius warmtebatterijen en het leveren van duurzame warmte-energie bij een duurzaam imago. Geen extra explosie- of brandgevaar, geen giftige of onveilige stoffen. De Cellcius Warmtebatterij technologie werkt met twee eenvoudige en veilige ingrediënten: zout en water, beter: een zouthydraat en waterdamp. Voeg die samen en er komt benutbare warmte vrij."
https://cellcius.com/contact/,10/23/2023 16:25,CONTACT Horsten 1 Ruimte 0.23 5612 AX Eindhoven Zakelijk Particulier
https://cellcius.com/jobs/,10/23/2023 16:25,"VACATURES Let’s start an energy revolution! Leuk dat je interesse hebt in Cellcius. Cellcius bv is in 2020 opgericht om warmtebatterijtechnologie die binnen TNO en TU Eindhoven is ontwikkeld op commerciële basis door te ontwikkelen en in de markt te zetten. De focus van Cellcius zal in eerste instantie liggen op het benutten van industriële restwarmte en deze beschikbaar maken op plekken waar vraag naar warmte is. De eerste pilots zijn al van start gegaan op drie locaties in Europa, waarbij de warmtebatterijtechniek getest wordt. Eind 2022 moet de eerste industriële toepassing gereed zijn. Het is Cellcius’ missie om de energiewereld te veranderen en een belangrijke bijdrage te leveren aan het versnellen van de transitie naar een duurzamere wereld. In ons sterk groeiend team zijn we altijd op zoek naar talent. Ben jij op zoek naar een afwisselende en snel veranderde werkomgeving waarin je actief kunt meedenken en groeien, stuur ons dan bericht met je motivatie en CV. Momenteel zijn wij op zoek naar: Ben jij net afgestudeerd of ga jij binnenkort afstuderen van een technische HBO of universitaire studie en zoek je een baan? Dan zoeken wij jou! Stuur een email naar info@cellcius.com met je CV en misschien ben jij wel het nieuwste lid van het Cellcius Team. info@cellcius.com www.cellcius.com Office Manager 20-24 h/pw Eindhoven MECHATRONICS DESIGNER 36-40 H/WEEK CHIEF TECHNOLOGY OFFICER (CTO) 36-40 H/WEEK BUSINESS DEVELOPER 36-40 H/WEEK CHEMICAL DESIGNER 36-40 H/WEEK info@cellcius.com www.cellcius.com"
http://cellcius.com,10/23/2023 16:25,"CELLCIUS WARMTEBATTERIJ BOOSTING THE HEAT TRANSITION BY MAKING COLLECTIVE HEATING CHEAPER, FASTER AND GREENER WARMTE OPSLAAN EN LATER WEER GEBRUIKEN: LET’S START AN ENERGY REVOLUTION! DE WARMTETRANSITIE VERSNELLEN OP BASIS VAN ZOUT EN WATER DISRUPTIEVE CO2-REDUCTIE BETAALBAAR GEEN WARMTENETWERK NODIG NAAST VERWARMEN OOK KOELEN BREED INZETBAAR RESTWARMTE VAN WAARDE MAKEN ONZE MISSIE: DE ENERGIETRANSITIE VERSNELLEN OP DE HOOGTE BLIJVEN? Nederland moet ‘van het gas af’. Misschien is dat wel de grootste uitdaging in de energietransitie. De warmtebatterij van Cellcius helpt die beweging te versnellen. Door restwarmte en overtollige elektriciteit van de industrie, datacenters en tuinbouw op te slaan en op een later moment weer beschikbaar te maken. Waar en wanneer je maar wilt, zonder verlies van energie. Snel, betaalbaar en CO2-neutraal. Alleen al in Nederland is er genoeg overtollige energie beschikbaar om 3 miljoen huishoudens van alle warmte te voorzien die ze nodig hebben. Dankzij Cellcius Warmtebatterij Technologie gaat die energie niet meer verloren. De warmtetransitie wordt geen succes met alleen warmtepompen, duurzame bronnen en warmtenetten. Omdat gebouwen daar niet op berekend zijn, het energienet verstopt zit en investeringsrisico’s te hoog zijn. De Cellcius warmtebatterij wordt opgeladen met bestaande beschikbare energiebronnen, tegen relatief lage kosten en zonder extra belasting van het energienet. Geen explosie- of brandgevaar, geen giftige of onveilige stoffen. De Cellcius Warmtebatterij technologie werkt met twee eenvoudige en veilige ingrediënten: zout en water, beter: een zouthydraat en waterdamp. Voeg die samen en er komt warmte vrij die je kunt benutten. In een eindeloos herhaalbare cyclus. De warmtebatterij heeft zelf geen uitstoot en maakt warmte die anders verloren zou gaan waardevol. Door gebruik te maken van restwarmte op plekken waar warmte “over” is kunnen huizen zonder gas verwarmd worden. Dat betekent een enorme vermindering van de uitstoot van CO2; voor de gebruikte warmte hoeft immers geen extra gas verstookt te worden. Doordat de warmtebatterij gebruik maakt van de meest voorkomende grondstoffen op aarde (water en zout) en gebruik maakt van warmte die al beschikbaar is, zijn de kosten per kWh/th bijzonder laag. Doordat Cellcius Warmtebatterij Technologie geen uitgebreid warmtenetwerk nodig heeft, is de technologie snel in te zetten. De warmtebatterij kan warmte opslaan. Dat betekent dat, doordat er warmte uit de lucht verdwijnt, de batterij lucht ook kan koelen. De technologie van Cellcius biedt twee toepassingen: [cellcius.local] en [cellcius.mobile], die samen zorgen voor flexibele en toekomstbestendige warmte-oplossingen. [Cellcius.local] is een gesloten systeem dat op een vaste locatie staat. Plaatselijke restwarmte, ter plekke opgewekte stroom of beschikbare elektriciteit tegen lage spotprijs, wordt in de batterij opgeslagen. Bij pieken in de warmtebehoefte of op momenten van hogere energieprijzen, geeft de Cellcius batterij warmte of koelte af in het bestaande leidingensysteem. [Cellcius.mobile] maakt het mogelijk om restwarmte op de ene plek op te vangen en via de weg, het spoor of het water per batterij-container naar een andere plek te vervoeren. Zonder verlies van energie. Lege batterijen worden vervangen door volle, die via het bestaande leidingensysteem zorgen voor een continue warmtelevering of voor extra warmte bij pieken in de behoefte. Impressie van tijdelijke warmtebatterij met een capaciteit van 10 GJ en een vermogen van 100 kW om meerder huizen te verwarmen Restwarmte is warmte die anders de lucht in gaat en daarmee waardeloos is. Dankzij de Warmtebatterij Technologie van Cellcius is deze warmte, afvalwarmte, van waarde te maken. Door gebruik te maken van de enorme hoeveelheid lage temperatuurwarmte (afval en hernieuwbare warmte) voor ruimteverwarming en -koeling kunnen grote hoeveelheden huizen verwarmd worden. Door deze warmte te benutten is het mogelijk om de CO2-uitstoot van de verwarming van individuele huizen met 55-100% te verminderen. Beeld Raymond Rutting / de Volkskrant Cellcius Warmtebatterij Technologie in het nieuws Warmtebatterijen vol zout kunnen ‘miljoenen huishoudens van gas afhalen’ Restwarmte aftappen in de industrie, om daar later kantoren en huizen mee te verwarmen. Nederlandse wetenschappers boeken succes met een zogeheten warmtebatterij. Cruciaal ingrediënt van die batterij? Doodgewoon zout. [lees verder] Met de warmtebatterij-technologie kunnen we koelen, verwarmen en natuurlijk warmte opslaan. Voor de industriële en voor de residentiele omgeving. Het resultaat: we kunnen veel slimmer omgaan met energie, we verkleinen piekbelasting in vraag en aanbod. Zo veranderen we de energie-wereld en versnellen we de transitie naar een duurzamere wereld. Meld u aan op onze nieuwsbrief om 1 keer per half jaar op de hoogte te blijven van de ontwikkelingen rondom Cellcius. Cellcius BV Horsten 1 Ruimte 0.23 5612 AX Eindhoven info@cellcius.com KVK 77882687 Cellcius has it’s roots in Cellcius is aangesloten bij: ONTDEK ALLE VOORDELEN LEES HET HELE ARTIKEL WARMTE OPSLAAN EN LATER WEER GEBRUIKEN: OPSLAAN LET’S START AN ENERGY REVOLUTION! Horsten 1 Ruimte 0.23 5612 AX Eindhoven info@cellcius.com"
https://www.cellfion.se,10/23/2023 16:25,You can be a Leader in Sustainability By choosing a green alternative to PFSA-based membranes and help revolutionize the green energy storage industry ‍ Please tick the box if you consent to Cellfion AB contacting you with informational newsletters. Marketing Personalization Analytics
https://bigassbattery.com/nieuws/ed-guido-levert-big-ass-batterijen-uit-nuenen-om-dijken-te-versterken-met-groene-stroom,10/23/2023 16:25,"19 kilometer dijk Speciaal laadplein met 36 palen Laven aan stroom van de windturbine Helemaal uit ons jasje gegroeid Uit de kluiten gewassen batterijen NUENEN – Werk om de klimaatcrisis aan te pakken mag daar natuurlijk niet zelf aan bijdragen. De verzwaring van de Waaldijk tussen Tiel en Waardenburg gebeurt dus zoveel mogelijk met elektrische machines, met stroom uit batterijen van Big Ass Battery in Nuenen. 26 september, 2023 Dat het om grote werkzaamheden gaat wist oprichter Guido de Jong van Big Ass Battery in Nuenen wel. Maar als hij voor het eerst twee van zijn batterijcontainers achter een dijk langs de Waal bij Tiel ziet staan, is hij toch even onder de indruk van de grootte van het project. „Geen wonder dat ze hier zoveel groene stroom nodig hebben. En dat ze hebben gekozen voor onze containers met snellaadsysteem.” Dikke brokken ultrazware klei liggen vastgeplakt tegen een deel van de dijk. Elektrische graafmachines leggen de klei op zijn plek zodat de dijk breder en hoger wordt. Grote bulldozers maken tegelijkertijd de ondergrond en zijkant van een volgend stuk dijk klaar om nog meer van de per schip aangevoerde klei een plek te geven. Het project is een deel van het landelijke Hoogwaterbeschermingsprogramma waarmee Nederland zich wapent tegen de gevolgen van klimaatverandering. Voor 2050 moet 1500 kilometer dijk zijn verbeterd. Het Waal-traject Tiel-Waardenburg is een van de eerste. Voor deze 19 kilometer dijk hebben drie aannemers het werk voor ruim 230 miljoen euro toegewezen gekregen. Er gaat in een halfuur net zoveel stroom van onze batterij naar de graafmachi­ne als een huishouden in een maand verbruikt De opdracht is om dit klimaatneutraal te doen en daarom heeft aannemer Van Oord Big Ass Battery ingeschakeld, vertelt De Jong. „Wij leveren vier batterijcontainers die de batterijen in de graafmachines kunnen opladen. Dat doen ze ’s nachts. Tijdens de middagpauze wordt onze snellader aangesloten. Dan gaat er in een halfuur net zoveel stroom van onze batterij naar de graafmachine als een huishouden in een maand verbruikt. Genoeg om de machine de rest van de dag weer zijn zware werk te laten doen.” De batterijcontainers worden op hun beurt met groene stroom geladen. Op 10 minuten rijden van de werkzaamheden is hiervoor speciaal de Watt Hub opgericht. Dat is een laadplein vlakbij drie windturbines en een zonnepanelenveld. Het heeft 36 laadpalen speciaal voor vrachtauto’s of grote batterijen. De Jong: „Een elektrische truck pendelt met onze containers heen en weer om ze hier op te laden. Software zorgt ervoor dat dit laden alleen gebeurt als er genoeg groene stroom uit de windturbine en zonnepanelen komt.” Nu staat een Nuenense container zich op de Watt Hub nog eenzaam te laven aan de stroom van de windturbine. Maar Dorus van Tol van Van Oord verwacht dat dit snel zal veranderen. „Steeds meer zware auto’s en machines zullen elektrisch worden en die kunnen hier worden opgeladen. Ook nadat dit dijkproject over drie jaar wordt voltooid, staan klanten te springen om hier groene stroom te laden.” ,,Het mooie is dat je dankzij zo’n groot project zo’n voorziening in het leven kan roepen die daarna zijn nut kan blijven bewijzen.” Op 28 september komt koning Willem-Alexander de Watt Hub persoonlijk openen. Van Tol vertelt dat nog niet het hele dijkverzwaringsproject elektrisch is. „We zijn pas net begonnen en gaan gaandeweg alles elektrisch maken. Binnenkort zetten we weer een grote stap als de elektrische bulldozers worden geleverd. Dan zullen ook daarvoor de batterijpakketten moeten worden opgeladen. Behalve minder uitstoot zorgt deze aanpak ook voor minder overlast voor aanwonenden bij de dijken.” Volgens De Jong heeft zijn bedrijf de opdracht mede te danken aan innovatie. „Wij zijn de eerste die de containers voorzien van snelladers vergelijkbaar met die langs de snelweg. Bovendien zijn onze batterijpakketten heel schokbestendig, zodat ze in zo’n ruwe omgeving goed functioneren. Sensoren meten de schokken en gaan die over een bepaalde limiet dan schakelt hij uit, om storingen te voorkomen. Maar de impact is dan wel extreem groot geweest.” Nadat De Jong twaalf jaar als elektricien werkte, startte hij ruim drie jaar geleden het bedrijf met een inmiddels vertrokken compagnon. „We waren een jaar geleden nog met een man of zes en nu hebben we 45 personeelsleden plus 15 flexibele krachten in dienst. We zijn in Nuenen helemaal uit ons jasje gegroeid en verhuizen daarom binnenkort naar een hal van 15.000 vierkante meter in Helmond.” De naam Big Ass Battery deed in de bestuurska­mer van Van Oord wel een paar wenkbrau­wen fronsen Dat is nodig, want we bouwen dit jaar zo’n dertig containers met een kwart van de omvang van een zeecontainer. Volgend jaar worden dat er 120, veruit de meeste voor bedrijven die hun netaansluiting willen verzwaren.” Om de groei te financieren kwam dit voorjaar Yard Energy erbij als financier en aandeelhouder van het bedrijf. In de productieruimte van het bedrijf worden de in China ingekochte cellen – het lijken uit de kluiten gewassen batterijen – in behuizingen gemonteerd en getest. In een ander deel worden de behuizingen met ieder 336 cellen in de containers geplaatst. De elektrische verbindingen tussen cellen en behuizingen luisteren heel nauw en worden met hulp van elektronica gestuurd. Het succes van het bedrijf is wellicht ook te danken aan de naam Big Ass Battery. Dorus van Tol zegt glimlachend dat de naam in de bestuurskamer van Van Oord wel een paar wenkbrauwen deed fronsen. „Maar de kracht is dat onmiddellijk duidelijk is waar het bedrijf voor staat: grote krachtige batterijen. En dat zo’n naam blijft hangen is dan mooi meegenomen.” Redacteur: Harrie Verrijt Bron: ED Afbeeldingen: ED"
https://bigassbattery.com/nieuws/netcongestie,10/23/2023 16:25,"Grote gevolgen Voorkom dat de grote netaansluiting niet op tijd gereed is Netverzwaring en een batterijcontainer: hoe werkt dat precies? Onvoldoende stroom? Krijg grip op je energievraagstuk 18 oktober, 2023 In juni vorig jaar werden bedrijven geconfronteerd met een onverwachte uitdaging toen TenneT/Enexis/Stedin, de netbeheerbedrijven, aankondigden dat ze tijdelijk geen nieuwe zakelijke aansluitingen konden bieden. Dit kwam door een aanzienlijke toename van het stroomverbruik op het net. Het slechte nieuws is dat de beschikbare capaciteit op het net nog steeds niet voldoet aan de behoeften van het bedrijfsleven. Dit betekent dat bedrijven rekening moeten houden met aanzienlijke wachttijden wanneer ze een nieuwe aansluiting aanvragen. Voorkom dat de grote stroomaansluiting niet op tijd gereed is en zoek tijdig naar een duurzaam alternatief. Het goede nieuws is dat Big Ass Battery een oplossing biedt. Voorkom dat de grote stroomaansluiting niet op tijd gereed is en zoek tijdig naar een duurzaam alternatief. “De netbeheerder is verplicht om 3×80 A te leveren, maar zelfs daar krijg ik geen reactie op.”. De wachttijden op de gewenste stroomaansluiting kan zelfs oplopen tot 10 jaar. Dit heeft verstrekkende gevolgen, zoals nieuwe kavels die verstoken blijven van elektriciteit, vertraagde bouwprojecten en beperkingen op het terug leveren van stroom aan het net via zonnepanelen. Deze problemen worden verergerd door de toenemende elektrificatie in de industrie, waardoor de kloof tussen vraag en aanbod groter wordt. Maar er is ook goed nieuws: ondernemers blijven in beweging en zoeken naar alternatieve duurzame oplossingen om de bedrijfscontinuïteit en groei te waarborgen, onafhankelijk van het net. Want het dieselaggregaat zijn we inmiddels liever kwijt, dan rijk. Het is van groot belang om vroegtijdig naar duurzame oplossingen te zoeken om piekbelastingen op te vangen. Een van de onderzochte oplossingen door bedrijven is het inzetten van eigen accu’s, zoals energieopslagsystemen of batterijcontainers. Dit biedt niet alleen een onafhankelijke energiebron, maar draagt ook bij aan het verminderen van de piekbelasting op het elektriciteitsnet. Met een batterijcontainer beschik je over voldoende capaciteit om te voorkomen dat de stroom uitvalt tijdens grote piekmomenten. Dankzij de bestaande aansluiting en mogelijke externe energiebronnen zoals zonnepanelen blijft de batterij voortdurend opladen zolang de stroomvraag lager is dan de beschikbare capaciteit, wat we daluren noemen. Wanneer er echter een piek in de stroomvraag optreedt, bijvoorbeeld als gevolg van het gelijktijdig installeren en gebruiken van diverse technische systemen, levert de batterij extra vermogen. Hierdoor wordt de stroomvraag over een langere tijdsperiode verspreid en wordt de hoogte van de piekbelasting op de netverbinding verminderd, wat bekend staat als ‘peak shaving’. Hierdoor blijft de stroomvoorziening stabiel, zelfs tijdens periodes van hoge vraag, en worden mogelijke uitval of storingen voorkomen. De Big Ass Battery is, anders dan bij andere systemen, gedreven door data en innovatie software. Enkele voordelen van energieopslagsystemen van Big Ass Battery bij netverzwaring op een rij: Wij helpen je bij de berekening van je gewenste aanvraag. Neem vrijblijvend contact met ons op of vraag een offerte aan."
https://bigassbattery.com/specificaties/,10/23/2023 16:25,404 Deze pagina bestaat niet... Gebruik het menu om terug te keren naar onze website.
https://bigassbattery.com/aanvragen,10/23/2023 16:25,Big Ass Battery aanvragen Voor welk segment wil je de Big Ass Battery gebruiken? * Voor welke toepassing wil je de Big Ass Battery gebruiken? * Hoe ken je ons? *
https://bigassbattery.com/nieuws,10/23/2023 16:25,"Nieuws Vakbeurs Energie – 10,11 en 12 oktober 2023 Cobouw: Eerste snellaadstation voor zwaar materieel moet onderdeel worden van landelijk netwerk Easy Engineering: Op weg naar een emissievrije toekomst Nieuwe oogst: Batterij op erf interessanter dankzij netcongestie Tuincentrum Coppelmans stapt in de energietransitie met Big Ass Battery De slimste batterij ter wereld maken we samen Peak shaving: Slim gebruik van duurzame krachtstroom Levelized cost of storage (LCoS) Big Ass Battery verwelkomt Yard Energy als investeerder We are at ees Europe 2023 in Munich, Germany Vakblad Voedingsindustrie: Wat te doen bij netcongestie? AD.nl: Bij megaklus A16 gaan machines aan de stekker Big Ass Battery lanceert de eerste batterijcontainer met ingebouwde fast charger Guido de Jong in BNR Nieuwsradio: de toekomst van batterijsystemen Big Ass Battery als oplossing voor overvol stroomnet “Bij een elektrische machine hoort geen dieselaggregaat!” Nieuws, artikelen, publicaties en meer... Blog 10, 11 en oktober 2023"
https://bigassbattery.com/toepassingen/software,10/23/2023 16:25,"Software. Datagedreven. Software features. Slimme bediening. Digital excellence. Top-notch components. Geïnspireerd door grootsheid en innovatie. Explained. Met of zonder druk op de knop. Voor een duurzame en langdurige werking. Wij doen niet aan valse bescheidenheid. Met trots presenteren wij de slimste batterij: Big Ass Battery. Hoewel Smart Ass Battery een inkopper was, had het de lading niet gedekt. Want naast smart, is de Big Ass Battery snel, sterk, duurzaam, veilig – en oneindig schaalbaar. Net als de mogelijkheden. ‘Big’ dus. Geinspireerd door grootsheid, de stuwende kracht van waaruit de continue innovatie zich ontvouwt. Het neusje van de zalm onder de batterijsystemen. Een Big Ass Battery op de bouwplaats is als een luxe auto op je oprit. Die mag gezien worden! Laat je niet misleiden door het compacte formaat van deze batterij, want de grootsheid zit ‘m in de slimste software gecombineerd met A-merk hardware – de kracht, en daarmee het hart van de Big Ass Battery. Daarmee staat Big Ass Battery garant voor een langdurige, duurzame werking en hoge kwaliteit. Gedreven door innovatie durven we wel te zeggen dat we het slimste jongetje van de klas zijn – en willen blijven. Stoer genoeg om hier hard voor te werken. Eindeloos te blijven innoveren op softwareniveau. Altijd up-to-date en slimmer dan morgen. Voorbereid op de toekomst. Gedreven door data is Big Ass Battery in staat om grootse – ongelofelijk slimme – prestaties te leveren. Voor ons revolutionaire energieopslagsysteem vertaalt zich dit in de volgende Unique Selling Points: Automatisch schakelen naar andere modi Mocht de spanning onverhoopt wegvallen, dan blijft de Big Ass Battery onverstoord leveren en de continuïteit gewaarborgd. Komt de netspanning weer terug, dan schakelt Big Ass Battery vice versa ‘geruisloos’ weer over op het net. Vergelijkbaar met een UPS (Uninterruptible Power Supply). Anders dan bij andere systemen, verloopt dit proces bij Big Ass Battery zonder tussenkomst van omvormers – en daarmee zonder verlies van performance. Volledig off-grid met een Generatorset (Genset) De Big Ass Battery functioneert volledig off-grid. Je kunt er zelfs voor kiezen om de batterij off-grid een (waterstof)generator te laten aansturen om deze bij te laten laden wanneer nodig. Via het menu kun je gemakkelijk bepalen hoe de batterij ‘communiceert’ met de generator. Je kunt tot op de minuut nauwkeurig instellen wanneer de batterij automatisch opgeladen moet zijn of juist moet gaan laden. Efficiënt extra vermogen leveren bij netverzwaring Wordt de batterij geplaatst tussen de hoofdaansluiting en de afnemer, dan kan de batterij voorzien in extra vermogen. Waar het vermogen niet eerst via omvormers gaat, zal de Big Ass Battery enkel het extra gevraagde vermogen leveren. Zeer efficiënt in vergelijking tot batterijsystemen van concurrenten, die in prestatie verliezen door tussenkomst van omvormers. Voor Big Ass Battery geldt ‘what you see is what you get’. Input is output. Technisch gezien weliswaar een hoofdbreker. Dus hoe onze smart asses dit bouwen is uniek. Bidirectioneel bijvoeden indien nodig doet de truc – waarbij een efficientie wordt behaald van 98%. Dit kost bij ons geen extra energie, waardoor we de concurrent aftroeven met lagere energiekosten. Machine learning: laden en leveren op basis van percentage verwachte zonne-energie en variabele energietarieven Zijn er zonnepanelen geïnstalleerd aan de afnemende kant, dan detecteert de batterij zelf wanneer er energie aan het net wordt teruggeleverd. Voordat de overcapaciteit wordt teruggeleverd, zal de batterij eerst opladen zodat de ‘normaal’ teruggeleverde energie eerst zelf gebruikt kan worden. Op basis van machine learning rekent de batterij zelf uit tot welk percentage deze maximaal geladen mag worden om nog ruimte over te houden voor de te verwachten zonne-energie. Over efficiency gesproken! Onze krachtpatser kan zelfs bepalen wanneer deze gaat laden op basis van variabele energietarieven. Zo kan de batterij niet eerder laden dan wanneer de tarieven laag zijn – en terugleveren wanneer de tarieven hoog zijn. Zelfs op door jou vooraf ingestelde tijden. De basisbehoefte is hierbij altijd leidend en heeft daarom voorrang. Big Ass Battery zet in op peakshaving; een vorm van energiebeheer gericht op het opvangen van pieken in stroombehoefte, waarbij krachtstroom slimmer wordt gebruikt. Batterij als verdienmodel Door het gebruik van slimme algoritmes wordt de Big Ass Battery tevens een interessant verdienmodel – en daarmee in feite een ‘handelsbatterij’. Waar elke kWh slim wordt benut, laden en terugleveren gebeurt op basis van variabele energietarieven, verdient de investering in een Big Ass Battery zich op den duur zelfs terug. Win-win! Alles klopt aan het hart van Big Ass Battery. Voorzien van smart control is de batterij in staat om realtime verbinding te maken en via interface te communiceren met bestaande infrastructuren. Voor een kloppend hart, is het essentieel dat de batterij een geïntegreerd onderdeel vormt van het samenspel tussen groene opwekking, de vraag van consumenten en industrie en het elektriciteitsnet. Hoe je bestaande infrastructuur ook is ingericht, Big Ass Battery wordt geleverd met een diversiteit aan interfaces en functies. Op aanvraag is het aanbod nog groter. Van een Big Ass Battery mag je dan ook iets verwachten: Op afstand bedienbaar: realtime inzicht via online klantportaal Onze energieopslagsystemen zijn voorzien van een energiemanagementsysteem, GPS en 5G. Als klant maak je gemakkelijk verbinding met het systeem via je eigen online portal. Hiermee heb je continu realtime inzicht in de prestaties van je energieopslagsysteem en kun je op afstand ‘aan de knoppen te draaien’ indien nodig. Het klantportaal biedt verder de mogelijkheid om zelf rechten en lagen toe te kennen aan verschillende personen – wie mag wat zien en instellen op het systeem – en om software updates te pushen die klaarstaan. Data gedreven Wij kunnen de status van de batterijopslag op afstand monitoren en rapporteren. Continue metingen helpen ons bovendien om preventief onderhoud uit te voeren, vroegtijdige fouten op te sporen en op te lossen, en systeemprestaties te optimaliseren. Data over alle componenten Big Ass Battery garandeert een optimale werking en lange levensduur. Uitvoerige inzichten en analyses – waarmee je de ‘gezondheid’ van het systeem kunt peilen – zijn hiertoe altijd realtime en op afstand beschikbaar. Regelen met een druk op de knop Op afstand selecteer je eenvoudig de gewenste modus met slechts een druk op het gedetailleerde touchscreen. Hulp nodig? Op afstand zijn we altijd dichtbij. Slimme software en top-notch hardware gaan bij Big Ass Battery hand in hand. Om een duurzame en langdurige werking van onze batterijsystemen te garanderen, kiezen we – met A-merk hardware als vanzelfsprekendheid – voor kwaliteit boven kwantiteit."
https://bigassbattery.com/vacatures,10/23/2023 16:25,"Werken bij Big Ass Battery Vacatures Bekijk al onze HR Business Partner Bad Ass Recruiter Integration Engineer Electrical Engineer Strategic Buyer Bijbaan Productie medewerker Service Coördinator Monteur elektrotechniek Assemblage Medewerker Senior Software Engineer Application Sales Engineer Battery Systems Servicemonteur elektrotechniek Hier bruist het van de energie! We kick ass! Wij zijn Big Ass Battery; een supersnel groeiende scale-up in de eredivisie van de energietransitie. We bouwen energieopslagsystemen op het hoogste niveau; van batterijcel tot batterijcontainer. En daarvoor zijn we op zoek naar collega’s die met ons meebouwen aan onze Big Ass ambities. Soms doen we ons groter voor dan we zijn. Maar in de kern zijn we een “keigezellig” en nuchter Brabants bedrijf dat bruist van de energie. Staat jouw vacature hier niet tussen, maar vind jij dat we toch van je moeten horen of weten? Neem dan gerust contact met ons op. Cultuur bouwen? HR beleid vormen? Avontuur? 32 - 40 uur Help jij onze ""big ass"" groeien? Breng jij onze batterijsystemen tot leven als Integration Engineer? 40 uur Is het tekenen van elektrische schema's voor jou kinderspel? Op zoek naar de volgende stap? Schuw jij operational buying niet en heb jij visie? Je bent ""keigoed"" in samenwerken Flexibele uren Wil jij aan de wieg staan van onze service & storingsafdeling? Elektrotechniek is echt jouw ding Jij legt de basis voor onze batterij systemen Jij ontwikkelt high-end software in het high tech domein Ga jij onze klanten op technisch niveau begeleiden en ons productportfolio verder versterken?"
https://bigassbattery.com/toepassingen/milieu-en-recycling-lfp-batterijen,10/23/2023 16:25,"Milieu en recycling. Duurzame energieopslag. LFP-Batterijen: een duurzame keuze. Big Ass Battery en recycling. Moderne, hoogwaardige LFP-batterijen. Modulariteit Cilindercellen Pure grondstoffen. Schone energiebronnen. O, ja? Na een lange levensduur. LFP vs. LFP: verschil zit in kwaliteit. Van batterijcel tot -container. Lithiumijzerfosfaat (LFP) batterijen, bekend om hun efficiëntie en duurzaamheid, spelen een cruciale rol in de overgang naar schone energiebronnen en duurzamere energieopslag. Niet voor niets zet Big Ass Battery in op duurzame, innovatieve batterijtechnologie met de ontwikkeling van moderne, hoogwaardige LFP-batterijen. Maar wat is de impact van Big Ass Battery en LFP-batterijen op het milieu? Een belangrijke vraag die een eerlijk antwoord verdient. Een terechte vraag, is de batterij wel zo’n duurzaam alternatief? Ja. Om te beginnen kan de stroom op een duurzame manier worden opgewekt. Daarnaast zijn batterijen – vergeleken met fossiele brandstoffen – in nog twee opzichten in het voordeel. De belangrijkste troef is de zeer gunstige eigenschap van batterijen dat ze voor meer dan 90% te recyclen zijn. Bovendien is de techniek in batterijland volop in ontwikkeling, waardoor batterijen almaar duurzamer en minder belastend worden voor het milieu. Hieronder volgen enkele voordelen van LFP-Batterijen. Met eigen ogen zien? Maak een afspraak en kom langs in onze fabriek. We bouwen onze batterijcontainers volledig zelf, vanaf de cel met hoogwaardige componenten, in onze eigen fabriek. Door de modulariteit van ons accupakket is de container volledig demontabel, waardoor we ieder component kunnen recycleren. Hierdoor winnen we 90% van de grondstoffen terug, zoals lithium, fosfor en grafiet. Met deze grondstoffen worden nieuwe cellen geproduceerd. Met de toepassing van de beste LFP-batterijen, kiest Big Ass Battery voor energieopslagsystemen die brandveilig zijn en langer meegaan dan de meest gebruikte lithium-ion batterijen – zónder verlies van performance. En daarmee voor een minimale impact op het milieu. Maar wat maakt onze batterijen dan van zo’n hoogwaardige kwaliteit? De modulariteit van ons accupakket maakt het volledig demontabel, waardoor het nagenoeg in z’n geheel te recyclen is. Na 15 tot 30 jaar trouwe dienst is het dus mogelijk om de batterijcellen te recyclen, waardoor tot 90% van de kritische grondstoffen – lithium, fosfor en grafiet – kan worden teruggewonnen, waarvan weer nieuwe cellen kunnen worden geproduceerd. Ook voor de overige materialen van het accupakket en batterijsysteem geldt dat ze volledig kunnen worden gerecycled. LFP-batterijen kunnen variëren in vorm en samenstelling. Dit type batterij komt in een drietal vormen: de cilindrische cel, de prismatische cel en de zakcel (pouch). Waar de cilindervorm voor zich spreekt, heeft de prismatische cel de vorm van een balk en de zakcel een platte zakvorm. Omdat wij gebruik maken van cilindercellen in plaats van prismatische cellen, is er sprake van meer individuele cellen samen die zich gedragen als één cel. Door de overvloed aan cellen heeft mogelijke uitval van één cel nagenoeg geen invloed op de capaciteit (of: eindgebruiker). Wordt gebruik gemaakt van de twee alternatieven, veelal bestaande uit twee tot vier cellen, dan is de kans op uitval bij één slechte cel groter. Waar elke cel een eigen zekering heeft, is de cilindervorm bovendien veiliger. In het geval van de prismatische- en zakcel geldt daarentegen het ‘kerstlampjes-effect’: valt er één cel uit, dan valt alles uit – weliswaar afhankelijk van de opbouw. Door bij de samenstelling van de batterijen te kiezen voor de puurste grondstoffen, kunnen we veel levenscylci garanderen, en tevens zorgen voor een lage interne weerstand in het pakket – wat voorkomt dat deze bij een hoge belasting snel opwarmt. Ook in het geval van warmte-ontwikkeling zijn cilinderbatterijen in het voordeel, waar ze gemakkelijker warmte kunnen afvoeren omdat er ruimte is gehouden tussen elke individuele cel. Een langere levensduur dan traditionele lithium-ionbatterijen. Geen schadelijke materialen en giftige metalen zoals kobalt. Hogere en uitstekende energie-efficiëntie; meer energie opslaan en afgeven met minder energieverlies. 99,99% Brandveilig. Geen thermisch runaway gevaar. Door een intrinsieke stabiliteit zijn LFP-batterijen niet vatbaar voor oververhitting. Recyclebaar voor 90% waardoor kritieke grondstoffen worden teruggewonnen zoals lithium, fosfor en grafiet."
https://bigassbattery.com/technologie,10/23/2023 16:25,"Technologie Onze technologie The Container Slimmer dan morgen Specificaties. Gedreven door innovatie. Geïnspireerd door grootsheid en slimmer dan morgen. Onze energieopslagsystemen zijn voorzien van een energiemanagementsysteem, GPS en 4G. Brandveilig door toepassingen van moderne LFP-batterijen (lithium-ijzer-fosfaat) Compact en oneindig schaalbaar vanaf 75 kWh tot 1 MWh per 10-voetscontainer Geïnspireerd door grootsheid. De Big Ass Battery heeft A-merk componenten en de slimste software. We staan voor een langdurige, duurzame werking en hoge kwaliteit. Altijd up-to-date en slimmer dan morgen. Zo ben je altijd voorbereid op de toekomst. Capaciteit 200 kWh - 1 MWh Batterij type Lithium-ijzer-fosfaat, (LiFePO4, LFP) Vermogen 85 - 680 kW Voltage Race AC 400 - 230 V Round trip efficiency 90 - 95 % Self discharge rate 1 - 10 kWh 10.000 cycli of 10 jaar Afmetingen 10ft-container 299 x 259 x 244 cm 98% Efficiency Automatisch schakelen naar andere modi, zoals peakshaven Realtime inzicht en remote control Volledig off-grid met Genset Altijd voorzien van de nieuwste software updates Machine learning: laden en terugleveren op basis van variabele energietarieven"
https://bigassbattery.com/toepassingen/peak-shaving,10/23/2023 16:25,"Wat is peak shaving? Peakshaving met Big Ass Battery. Bespaar geld, uitstoot en energie. Wisselende stroombelasting opvangen. Hoe werkt peak shaving? Het verschil tussen load shifting en peak shaving Reduceer kosten en uitstoot met mobiele batterijen. Een betere afstemming van vraag en aanbod. De stroombelasting is nooit constant en op sommige momenten piekt het stroomverbruik. Bijvoorbeeld bij het gebruik van zwaar materieel op een bouwplaats. Onze krachtige batterijen maken peak shaving mogelijk: een betere afstemming van vraag en aanbod. Dankzij deze techniek zijn hogere piekbelastingen geen probleem. Peak shaving is een begrip dat hoe dan ook meer uitleg verdient. Wat is het, wat betekent piekbelasting opvangen en hoe kan een energieopslagsysteem van Big Ass Battery daarbij helpen? Hieronder lees je alles wat je moet weten. Peak shaving is een vorm van energiebeheer die erop gericht is om pieken in de stroombehoefte te voorkomen of toch af te zwakken. Een andere term voor peakshaving is ook wel load shedding en het omvat alle technieken die men kan gebruiken om de belasting van het stroomnet te verminderen. Dit kan bijvoorbeeld door apparatuur met een hoog gemiddeld energieverbruik uit te schakelen of door een plaatselijke energiebron toe te voegen. Een Big Ass Battery is daar een voorbeeld van. Kort gezegd verwijst peakshaving naar het proces waarbij de lokale opslag van energie aangewend wordt om de algemene belasting op het elektriciteitsnet te verlagen. Het kan hierbij gaan om plaatselijke systemen voor energieopslag, maar ook bijvoorbeeld generatoren of aggregaten die op fossiele brandstof werken. In de meeste gevallen wordt peakshaving toegepast in grootschalige situaties zoals bij bedrijven of commerciële stroomverbruikers. Het uiteindelijk doel van peakshaving? Natuurlijk piekbelasting verlagen, maar er ook voor zorgen dat je op momenten met een lagere stroomcapaciteit toch over voldoende krachtstroom beschikt om je elektrische apparaten aan te drijven. Dat is precies wat een Big Ass Battery voor je kan doen, zowel op kleine als op grote schaal. Als je informatie opzoekt over het beheer van energie en de opslag daarvan in een bedrijf, kan er nogal wat verwarring ontstaan over verschillende termen, waaronder peak shaving en load shifting. Wat is nu het verschil? Bij load shifting wordt een stukje van de piekbelasting verschoven naar een moment waarop het iets rustiger is en waarop elektriciteit goedkoper is. Aan de andere kant verandert de hoeveelheid stroom die je van het net haalt niet. Het voordeel van peakshaving is dan weer dat de piekbelasting opvangen mogelijk is door een externe energiebron of een energieopslagsysteem toe te voegen. Het resultaat is dat alle benodigde elektrische apparatuur altijd kan blijven werken, terwijl de uiteindelijke kosten toch niet hoger liggen. Van piekbelastingen op met krachtige mobiele batterijsystemen van Big Ass Battery. Onze batterijsystemen zijn compacte 10-voetscontainers met moderne hoogwaardige batterijen. Door toepassing van de beste LFP-batterijen (lithium-ijzer-fosfaat) zijn onze energieopslagsystemen brandveilig en gaan langer mee dan de meest gebruikte lithium-ion-batterijen. Zónder verlies van performance. Want in tegenstelling tot vele andere batterijcontainers kun je de capaciteit van onze batterijen voor de volle 100% gebruiken. What you see is what you get! voorbeeld van."
https://bigassbattery.com/toepassingen/netverzwaring,10/23/2023 16:25,"Wat is netcongestie? Altijd de gewenste stroomaansluiting. Start sneller met een batterijcontainer. File op het elektriciteitsnet. Duurzaam en veilig. Netaansluiting (tijdelijk) verzwaren met een batterij. De krapte op het elektriciteitsnet raakt iedereen. Lang wachten op een grootverbruikaansluiting? Start sneller met een batterijcontainer voor de bouw, project of voor de bedrijfscontinuïteit. Een duurzaam alternatief voor de aggregaat. Zónder uitstoot, brandstofkosten en geluidsoverlast. Met netcongestie bedoelen we eigenlijk file op het elektriciteitsnet. Tegenwoordig schakelen we als maatschappij steeds meer over op duurzame vormen van energie, zoals wind- of zonne-energie. Vaak wordt die energie teruggekoppeld naar het elektriciteitsnet. Oorspronkelijk gebeurde de levering van elektriciteit in één richting: van de centrale naar bedrijven en huizen. Sinds de opkomst van duurzame energiebronnen, zoals zonne-energie, is dat veranderd en gebeurt die transitie in twee richtingen. Het resultaat? Er doen zich vaak problemen voor met spanning op het elektriciteitsnet, waardoor het terugleveren van stroom niet mogelijk is. Voor netbeheerders is het vaak een heuse uitdaging om de nodige energie van punt A naar punt B te vervoeren, met als gevolg dat er op bepaalde plaatsen een tekort aan capaciteit ontstaat. Met andere woorden, netcongestie. Als revolutionair opslagsysteem voor energie voorziet Big Ass Battery je on- en off-grid over de gewenste stroomaansluiting, in verschillende toepassingen. Met de batterij container voldoe je aan alle duurzaamheidseisen en ben je voorbereid op de toekomst. A-merk componenten Altijd up-to-date met de slimste software Geen uitstoot, geluidsoverlast en brandstofkosten"
https://bigassbattery.com/fast-charging,10/23/2023 16:25,"Innovatieve laadpunten. Wat zijn laadcontainers? Betrouwbare stroomvoorzieningen. Een batterijsysteem aanschaffen In de bouw of naast de (snel)weg. Uitgelegd. Super slim en (brand)veilig. Super snel laden op de bouw of naast de (snel)weg. In de bouw wordt dagelijks zeer veel energie verbruikt. Dit kost meestal een vermogen aan stroom. Er zijn bovendien niet altijd de nodige stroomvoorzieningen op de bouwplaats aanwezig. Dit komt doordat de gebieden vaak afgelegen zijn. Elektra voor de bouw leveren, is een ingewikkelde klus. Gelukkig zijn er grote accu’s in opkomst. Ze worden steeds vaker op bouwterreinen ingezet. De zogeheten “Fast charging technologie”, kan onder andere elektrische bouwmachines opladen. Fast charging wordt met geavanceerde Big Ass batterijen uitgevoerd. Deze superbatterijen worden steeds vaker door bedrijven ingezet. Een fast charger is een innovatief oplaadpunt. De snellader bestaat uit 10 voet-containers met batterijen, die uit lithium, ijzer en fosfaat bestaan. Bovendien zijn de batterijcontainers brandveilig en hebben ze een veel langere levensduur dan lithium-ion batterijen. De Big Bass Battery is bovendien slim, omdat deze over een speciaal energiemanagementsysteem, 4G-internet en GPS beschikken. De werkzaamheden verlopen met deze mobiele laadcontainers soepeler en er is minder uitvaltijd op de bouwplaats. Hoe kan zo een laadpunt op een bouwterrein worden gebruikt? Dat lees je hier. Een fast charger beschikt over een hoog volume. Ze zijn speciaal voor zogeheten “stroomvreters” ontworpen. Ze worden bijvoorbeeld voor elektrische voertuigen en draagbare energiecentrales ingezet. Ze kunnen, binnen een korte tijd, een zeer hoog vermogen aan stroom leveren. Daardoor zijn ze een stuk effectiever dan een traditioneel oplaadpunt. Bouwvoertuigen zijn meestal op te laden terwijl de machinist een kopje koffie drinkt. Ze kunnen dus, in de meest uitdagende omstandigheden, snel elektriciteit leveren. Een Big Ass oplaadpunt heeft meerdere voordelen. De snellader is betrouwbaarder dan andere laadmogelijkheden. Slechte weersomstandigheden hebben geen invloed op deze stroomvoorzieningen. Bovendien zijn calamiteiten, waardoor er langdurige stroomonderbrekingen zijn, met een Big Ass laadpunt uitgesloten. De Big Ass batterij is bovendien duurzaam. De invloed op het milieu is zeer klein. Dit komt doordat de snellader minder emissies produceert dan andere stroombronnen. Er worden geen verbrandingsmotoren gebruikt, waardoor er geen luchtverontreinigende stoffen in de atmosfeer worden vrijgegeven. Een fast charger is een innovatief oplaadpunt. De snellader bestaat uit 10 voet-containers met batterijen, die uit lithium, ijzer en fosfaat bestaan. Bovendien zijn de batterijcontainers brandveilig en hebben ze een veel langere levensduur dan lithium-ion batterijen . De Big Bass Battery is bovendien slim, omdat deze over een speciaal energiemanagementsysteem, 4G-internet en GPS beschikken. De werkzaamheden verlopen met deze mobiele laadcontainers soepeler en er is minder uitvaltijd op de bouwplaats. Hoe kan zo een laadpunt op een bouwterrein worden gebruikt? Dat lees je hier."
https://bigassbattery.com/voordelen,10/23/2023 16:25,"Voordelen Ontmoet de Big Ass Battery Onze voordelen 1 MWh 1020 kW 10.000 cycli Geen uitstoot, geluidsoverlast en brandstofkosten. Wél een duurzaam en veilig alternatief. Scalable to Power Garantie tot Geen uitstoot, brandstofkosten en geluidsoverlast. We maken gebruik van de nieuwste batterijtechnologie zónder kobalt. De batterijen zijn veiliger dan de veel gebruikte lithium-ion, gaan 15-20 jaar mee en worden daarna gerecycled of ingezet voor minder zware toepassingen. In onze energieopslagsystemen maken we gebruik van zeer hoogwaardige componenten. Zo gebruiken we LFP-batterijen (lithium ijzer fosfaat). Deze batterijcellen zijn duurzamer en veiliger dan de meest gebruikte lithuim-ion. Ons energieopslagsysteem is oneindig schaalbaar. Op deze manier kunnen we altijd de gewenste capaciteit leveren. Dit is al mogelijk in stappen van 75 kWh of een veelvoud daarvan. De Big Ass Battery heeft een hoge energiedichtheid. Daardoor blijven de afmetingen van onze energieopslagsystemen beperkt en neemt de container drie keer zo weinig plek in beslag als bij onze concurrenten. Zo’n grote kont -of big ass- heeft hij dus niet! Smart Onze energieopslagsystemen zijn voorzien van een energiemanagementsysteem, GPS en 4G. Als klant krijg je toegang tot het systeem via je eigen online portal. Hierdoor heb je continue real-time inzicht in de prestaties van je energieopslagsysteem. Wij kunnen de status van de batterijopslag op afstand monitoren en rapporteren. Daarnaast helpen continue metingen ons om preventief onderhoud uit te voeren en vroegtijdige fouten op te sporen en op te lossen."
https://bigassbattery.com/toepassingen/bouwaansluiting,10/23/2023 16:25,"Bouwaanlsuiting. Duurzame bouwaansluiting. Batterijtechnologie van de hoogste plank. Een batterijsysteem aanvragen On-grid, off-grid en smart grid. On-grid oplossingen: aansluiten op het reguliere stroomnet Off-grid oplossingen: volledig onafhankelijk van het stroomnet Smart Grid: optimaliseer je energiebeheer Het slimste jongetje van de klas. Altijd voorzien van duurzame krachtstroom. Een goede bouwaansluiting is van essentieel belang voor het succesvol voltooien van een bouwproject. Daarom is het belangrijk om de juiste aansluiting te kiezen die past bij de specifieke behoeften van het bouwproject en de duurzaamheidseisen van dit moment. Traditionele bouwaansluitingen zijn vaak afhankelijk van fossiele brandstoffen, wat kan leiden tot hoge CO2-uitstoot. Door te kiezen voor duurzame oplossingen, zoals on- of off-grid opties of een smart grid, kunnen we onze impact op het milieu verminderen. Dit is niet alleen goed voor het milieu, maar kan ook helpen om kosten te besparen op de lange termijn. Als het gaat om on-grid oplossingen voor bouwaansluitingen, dan biedt Big Ass Battery je een aantal geweldige opties. Met onze LFP-batterijen is het mogelijk om tijdelijke aansluitingen te maken op het reguliere stroomnet zonder daarbij afhankelijk te zijn van fossiele brandstoffen. Deze technologie is niet alleen efficiënt en betrouwbaar, maar ook nog eens milieuvriendelijk. Een van de voordelen van Big Ass Battery’s on-grid oplossingen is dat ze snel en eenvoudig geïnstalleerd kunnen worden. Dit bespaart niet alleen tijd en geld, maar maakt het ook mogelijk om snel te beginnen met de bouwwerkzaamheden. Een ander groot voordeel van deze on-grid oplossingen is dat ze gemakkelijk kunnen worden gemonitord en beheerd via een online portal. Dit biedt een realtime overzicht van het energieverbruik. Hierdoor bespaar je geld, omdat je onnodig stroomverbruik kunt elimineren. Daarnaast help je het milieu een handje dankzij een verminderde energieverspilling. Al met al zijn de on-grid oplossingen van Big Ass Battery een slimme keuze voor elk bouwproject dat afhankelijk is van een tijdelijke stroomvoorziening. Dankzij onze betrouwbare, efficiënte en milieuvriendelijke technologie zorgt het ervoor dat je bouwproject soepel verloopt en voldoet aan de hoogste standaarden voor duurzaamheid. Als je op zoek bent naar een oplossing om volledig onafhankelijk te zijn van het reguliere stroomnet, dan biedt Big Ass Battery je ook off-grid oplossingen voor bouwaansluitingen. Deze oplossingen maken gebruik van dezelfde LFP-batterijen als de on-grid oplossingen, maar dan met extra functies die nodig zijn voor volledige onafhankelijkheid, zoals een geïntegreerde genset. Dit betekent dat je volledige controle hebt over je stroomvoorziening, ongeacht waar je je bevindt op de bouwplaats. Dit maakt off-grid oplossingen perfect voor afgelegen locaties waar geen toegang is tot het reguliere stroomnet. De off-grid oplossingen van Big Ass Battery zijn niet alleen milieuvriendelijk, maar ook betrouwbaar en efficiënt. Door te investeren in duurzame energiebronnen en opslagmogelijkheden, kun je op de lange termijn je energiekosten verlagen. Een smart grid maakt gebruik van slimme technologieën om het energiebeheer te optimaliseren en te automatiseren, waardoor je je energieverbruik efficiënter kunt beheren en duurzamer kunt maken. Smart grids bieden een aantal voordelen voor bouwprojecten, waaronder het verminderen van energieverbruik, het minimaliseren van piekbelastingen en het verminderen van energiekosten. Door gebruik te maken van slimme meters en sensoren kun je het energieverbruik in realtime monitoren en beheren. Hierdoor kun je energieverspilling verminderen en de efficiëntie van het energiegebruik verbeteren. Een smart grid biedt je ook de mogelijkheid om verschillende energiebronnen te integreren. Denk in dat geval onder meer aan zonnepanelen, windturbines en batterijopslag. Dit maakt het mogelijk om een geïntegreerd energiebeheersysteem te creëren dat beter in staat is om het energieverbruik te optimaliseren en te maximaliseren. Kortom, het is een slimme keuze voor elk bouwproject dat gericht is op duurzaamheid en efficiëntie. De Big Ass Battery is altijd up-to-date en voorzien van de nieuwste technieken en software. Hiermee streven we naar een lange levensduur en een hoge kwaliteit. Al onze energieopslagsystemen beschikken over een energiemanagementsysteem, 4G en GPS. Als klant heb je toegang tot een eigen online portal. Zo heb je real-time inzicht in de prestaties van de Big Ass Battery. Op afstand kijken wij met je mee en pushen de nieuwste updates. We voeren preventief onderhoud uit en kunnen eventuele problemen opsporen en op afstand oplossen."
https://bigassbattery.com/toepassingen/energieopslag,10/23/2023 16:25,"Energieopslagsysteem van Big Ass Battery. Big Ass Battery helpt het milieu. Big Ass Battery bespaart energiekosten. Betrouwbare energievoorziening on- en off-grid Levelized Cost of Storage (LCoS) Groene stroom van duurzame energiebronnen. Brandveilig en slim. Voor de toekomst. Slimme technologie. Onafhankelijk. Is het de investering waard? Voor groene batterijstroom en duurzame energie. Organisaties en bedrijven zijn steeds meer geïnteresseerd in het gebruik energieopslag. Met name de kostenbesparingen en de voordelen voor het milieu die deze super batterijen bieden trekt mensen aan. Big Ass Battery levert batterijen die gebruikt worden om energie op te slaan die geproduceerd wordt door duurzame energiebronnen, zoals bijvoorbeeld zonnepanelen of windturbines. Deze grote batterijen zijn de afgelopen jaren een steeds populairdere oplossing geworden voor energieproblemen. Dit is natuurlijk vooral vanwege hun vermogen om bij te dragen aan de overgang naar duurzame energie, maar ook door de vele voordelen die Big Ass Battery biedt als energieopslag. De belangrijkste toepassing van de batterijen van Big Ass Battery is om energie op te slaan die wordt geproduceerd door duurzame energiebronnen. Deze batterijen werken door het opslaan van de elektrische lading in chemische stoffen, die worden opgeslagen in batterijcellen. De chemische stof die wordt gebruikt in de batterij ligt aan het specifieke type. Big Ass Battery gebruikt LFP-batterijen (lithium-ijzer-fosfaat). Dit betekent onder andere dat de batterijen van dit type brandveilig zijn en langer meegaan dan de populaire lithium-ion-batterijen. De energie die wordt geproduceerd door hernieuwbare energiebronnen is vaak onvoorspelbaar en afhankelijk van veel dingen(zoals bijvoorbeeld weersomstandigheden). Door de energie die wordt opgewekt op te slaan, gaat deze niet verloren. Denk aan bijvoorbeeld zonnepanelen: tijdens de piekuren van de zon kan er meer energie worden opgewekt dan er op dat moment wordt verbruikt, terwijl na zonsondergang de energiebehoefte juist hoger ligt dan de opwekking, je loopt dus risico dat je energie verspilt die je later nog nodig hebt. De Big Ass Battery helpt je om dit te voorkomen; door de energie op te slaan, kan de opgewekte energie op een later tijdstip worden gebruikt, wanneer er minder of zelfs geen energie wordt geproduceerd. Door de batterijen van Big Ass Battery te gebruiken als energieopslag, kunnen deze batterijen helpen om de afhankelijkheid van fossiele brandstoffen van jouw organisatie en bedrijf te verminderen. Zo wordt jouw energiegebruik een stuk duurzamer. Door de opslag van duurzame energie, hoef je namelijk minder energie uit fossiele brandstoffen te gebruiken. Brandstoffen zoals aardgas, steenkool en olie, wiens gebruik berucht is voor het negatieve effect dat het heeft op het milieu en klimaatverandering. Zo draagt de Big Ass Battery bij aan een mooiere, gezondere planeet. Het gebruik van Big Ass Battery batterijen kan leiden tot lagere energierekeningen. Door de opgeslagen energie te gebruiken, in plaats van energie van het energiebedrijf te kopen, kan je besparen op je energiekosten. Ook kun je ervoor kiezen om je opgeslagen energie aan het net te verkopen. Een recente ontwikkeling op bij Big Ass Battery is de toegenomen integratie van Smart technologieën. Met deze toename van slimme technologieën wordt het gebruik van de batterijen steeds meer geoptimaliseerd, waardoor ze steeds aantrekkelijker worden voor organisaties. Een ander voordeel van het gebruik van Big Ass Battery als een energieopslag is dat het je een stabielere energievoorziening kan bieden; het biedt organisaties de mogelijkheid om meer zelfvoorzienend te zijn. De opslag van energie zal de piekbelasting op het energienetwerk verminderen, wat kan leiden tot minder stroomstoringen. Ook kan een Big Ass Battery functioneren als een uninterruptible power supply (UPS). Waardoor je, zelfs als er wel stroomstoringen gebeuren, er zeker van kan zijn dat het bedrijf nog steeds toegang heeft tot elektriciteit. Dit geeft organisaties een gevoel van zekerheid, ook wanneer het stroomnet onstabiel is. Big Ass Battery kan zelfs gebruikt worden voor off-grid oplossingen, door energie op te slaan die je zelf produceert via groene energiebronnen. Zo zijn organisaties veel minder afhankelijk van het reguliere elektriciteitsnet. Van de voordelen van een energieopslagsysteem ben je inmiddels overtuigd. Maar de aanschaf is een tweede. Is het de investering waard? En voor welk systeem moet je kiezen? Als hulpmiddel hiervoor is de zogenaamde ‘Levelized cost of storage’ (LCoS) geïntroduceerd. Deze maatstaf maakt het mogelijk om verschillende opslagtechnologieën vanuit economisch perspectief objectief met elkaar te kunnen vergelijken. Benieuwd naar wat de LCoS in jouw situatie doet? Wij helpen je bij de berekening van je gewenste aanvraag. Neem vrijblijvend contact met ons op of vraag een offerte aan. vele voordelen die Big Ass Battery biedt als energieopslag. De belangrijkste toepassing van de batterijen van Big Ass Battery is om energie op te slaan die wordt geproduceerd door duurzame energiebronnen. Deze batterijen werken door het opslaan van de elektrische lading in chemische stoffen, die worden opgeslagen in batterijcellen. De chemische stof die wordt gebruikt in de batterij ligt aan het specifieke type. Big Ass Battery gebruikt LFP-batterijen ( lithium-ijzer-fosfaat). Dit betekent onder andere dat de batterijen van dit type brandveilig zijn en langer meegaan dan de populaire lithium-ion-batterijen."
https://bigassbattery.com/de,10/23/2023 16:25,"Power überall. Unsere Energielösungen Lernen Sie Big Ass Battery kennen Bekannt aus Hochwertige Akku-Technologie Aufgeladen Unsere Neuigkeiten Sicher. Nachhaltig. Skalierbar. Netzverstärkung Energiespeicher Schnelles Aufladen Groß im Namen. Klein im Format. Was Sie sehen ist was Sie bekommen! Die Kunden, die wir haben Mehr lesen. Kontakt Wir schätzen Ihre Privatsphäre Wir verwenden Cookies, um Ihr Surferlebnis zu verbessern, personalisierte Anzeigen oder Inhalte einzusetzen und unseren Datenverkehr zu analysieren. Wenn Sie auf „Alle akzeptieren"" klicken, stimmen Sie der Anwendung von Cookies zu. Keine Cookies zum Anzeigen. Auf zu einer emissionsfreien Erzeugung mit sauberer mobiler Batterieleistung und Energiespeicherung. On- und Off-Grid Batteriestrom. Holen Sie sich die zusätzliche Leistung, die erforderlich ist, um Ihr Unternehmen oder Ihre Maschinen kontinuierlich am Laufen zu halten. Mit der Batterie als Energiespeicher sparen und Geld verdienen. Nutzen Sie den erzeugten Strom selbst oder speisen Sie ihn bei günstiger Einspeisevergütung ins Netz zurück. Superschnelles Laden auf Baustellen oder entlang der Autobahn. Unser Fast Charger sorgt dafür, dass Ihre Elektrofahrzeuge innerhalb von Minuten vollständig aufgeladen sind und keine wertvolle Zeit verloren geht. Schnell, stark und smart. Die Big Ass Battery ist der Champion in seiner Klasse. Groß im Namen, aber klein im Format. Mit unserem Energiespeichersystem werden Sie überall on- und off-grid mit leistungsstarkem grünem Batteriestrom versorgt und können Energie effizient speichern. Null Emissionen, Lärmbelästigung und Kraftstoffkosten. Eine nachhaltige und sichere Alternative. Unsere Batteriesysteme sind kompakte 10-Fuß-Container mit modernen hochwertigen Batterien. Mit den besten LFP-Batterien (Lithium-Eisen-Phosphat) sind unsere Energiespeichersysteme feuerfest und halten länger als die am häufigsten verwendeten Lithium-Ionen-Batterien. Ohne Leistungsverlust. Denn im Gegensatz zu vielen anderen Batteriecontainerin können Sie die Kapazität unserer Akkus zu 100% nutzen. Was Sie sehen ist was Sie bekommen! Nachhaltig ange Lebensdauer ohne Leistungsverlust. Sie können die Akkukapazität zu 100% nutzen! Sicher Feuerfest durch Verwendung moderner hochwertiger LFP (Lithium-Eisen-Phosphat) Batterien Skalierbar Kompakt und stufenlos skalierbar ab 75 kWh We kick ass. Und wir möchten Sie auf dem Laufenden halten. Hier finden Sie auch unsere Publikationen und interessante Artikel rund um Energiewende, Batteriesysteme, Technik und Anwendungen. Adresse Telefon E-Mail Folge ons Schicken Sie uns eine Nachricht „*“ zeigt erforderliche Felder an Seiten Datenschutz-Bestimmungen Allgemeine Geschäftsbedingungen Impressum Benachrichtigungen Deutsch Batteriestrom überall Feuersicher durch den Einsatz moderner hochwertiger LFP-Batterien Kompaktes und skalierbares Energiespeichersystem Artikel lesen"
https://bigassbattery.com/fr,10/23/2023 16:25,"Nos solutions d'énergie Je vous présente notre Big Ass Battery. Connu de... Une technolgoie de batterie à performance élevées Charger complètement Nos nouvelles Sûr. Supportable. Extensible. Le renforcement du réseau Le stockage de l'énergie Une grande nom. Mais ses perimètres sont petites. Les clients nous avons Plus sur. Nous voulons une génération sans émission avec une batterie et un stockage de l'énergie propre et mobile Une système de l'énergie, connecté au reseau que hors reseau. Obtient à une vitesse incroyable la capacité que tu as besoin pour que votre machine ou entreprise reste en parfait état de marche en continu. Economiser et gagner de l'argent avec la batterie comme un stockage de l'énergie. Tu peux utiliser l'énergie autoproduite toi-même ou tu peux injecter l'énergie complémentaire sur le reseau quand le tarif de rachat est favorable. Charger à une vitesse incroyable à la construction ou au long de l'autoroute. Avec notre Fast Charger tu peux charger tes véhicules électroniques complètement en quelques minutes. Tu ne perds pas le temps précieux. Vite, fort et intelligent. La Big Ass Battery est une championne dans sa classe. Elle a une grande nom, mais ses perimètres sont petites. Nous avons créé une système pour entreposer de l'énergie, connecté au reseau que hors reseau. Avec cette système tu as prévu d'une batterie forte et verte partout et tu peux entreposer de l'énergie efficace. Pas d'émission, pas de nuisances sonores et pas de frais pour le carburant. Mais... c'est vraiment une solution de rechange durable et sûre. Nos systèmes d'élevage en batterie sont des containers de 10 pieds compacts avec des batteries de grande qualité et ultramodernes. Nos systèmes pour entreposer de l'énergie sont antifeu par l'application de meilleures batteries LFP (lithium-fer-phosphate) et ils durent plus longtemps que les batteries au lithium-ion qui sont les plus utilisées. Sans perdre de la performance. Car contrairement à plus d'autres conteneurs de batteries, tu peux utiliser 100% de la capacité de nos batteries. What you see is what you get! Supportable Une longue durée de vie sans perdre la performance. Tu utilise 100% de la capacité de nos batteries! Sûr La batterie est antifeu par l'application de meilleures batteries LFP (lithium-fer-phosphate) ultramoderne Extensible Compact et modulable à l'infini à partir de 75 kWh We kick ass. Nous aimons de te mettre au courant. Ici tu trouves nos publications et des articles intéressants autour de la transition énergétique, nos systèmes d'élevage en batterie, la technologie et l'application. « * » indique les champs nécessaires Français La puissance utilitaire partout sur nos batteries C'est aussi antifeu par l'application des batteries LFP de grande qualité et ultramodernes. Un système pour entreposer de l'énergie qui est compact et extensible"
https://bigassbattery.com/en,10/23/2023 16:25,"Our energy solutions Meet the Big Ass Battery. Known from High-quality battery technology Our news Grid reinforcement Energy storage Big in name. Small in size. More about. Grid Congestion in New Construction Projects or Business Expansion: Long Waiting Times on Electricity Connection the “New Normal” We value your privacy We use cookies to enhance your browsing experience, serve personalized ads or content, and analyze our traffic. By clicking ""Accept All"", you consent to our use of cookies. Heading to an emission-free future with mobile clean energy storage solutions to power anywhere. Made in the Netherlands. On- and Off-grid battery power. Getting work done faster with extra peak power. Save and earn money with the battery as an energy storage system. Use the energy or feed it back to the grid if the feed-in rate is favorable. Super-fast charging on construction sites or along the highway. Our Fast Charger ensures that your electric vehicles are fully charged within minutes and no valuable time is lost. Fast, strong and smart. The Big Ass Battery is a champion in its class. Big in name, but small in size. We provide mobile clean energy storage systems to power anywhere and everything; off-grid on construction sites, large events or for heavy-duty electric vehicle charging. Without emissions, noise pollution and fuel costs typically associated with diesel generators. A sustainable alternative. Our battery systems are compact 10-foot containers with modern high-quality batteries. Using the best LFP-batteries (Lithium-Iron-Phosphate), our energy storage systems are fundamentally safe and last longer compared to lithium-ion batterysystems. Without loss of performance. Because unlike many other battery containers, you can use the capacity of our batteries to the full 100%. What you see is what you get! Ultra-long product lifetime without loss of performance. Use the battery capacity for the full 100%! Fundamentally safe by using the highest quality LFP-batteries (Lithium-Iron-Phosphate) Compact and infinitely scalable starting at 75 kWh We kick ass. And we would like to keep you informed. Here you will also find our publications and interesting articles about the energy transition, battery systems, technology and applications. Adress Phone E-mail adress Follow us Send us a message ""*"" indicates required fields Notifications English Power anywhere and everywhere with clean mobile energy Fire-safe by using modern high-quality LFP batteries Compact design and easily scalable Read publication"
https://bigassbattery.com/toepassingen,10/23/2023 16:25,"Toepassingen Onze toepassingen Meer over Met ons energieopslagsysteem ben je on-en off-grid overal razendsnel voorzien van krachtige, groene batterijstroom en sla je efficiënt energie op. Geen uitstoot, geluidsoverlast en brandstofkosten. Je kunt batterijstroom als duurzaam alternatief gebruiken voor de dieselaggregaat, als fast charger om EV's op te laden of als netverzwaring. De mogelijkheden zijn eindeloos. Hier lees je een aantal van onze meest gebruikte toepassingen. Geen uitstoot, brandstofkosten en geluidsoverlast. Wél een duurzaam alternatief. De Big Ass Battery levert het extra gevraagde vermogen dat nodig is om jouw bedrijf of machine continu te laten draaien. On-en off-grid Ons energieopslagsysteem kan op elke gewenste plek geplaatst worden waar verzwaring nodig is. UPS Door de flexibiliteit van de Big Ass Battery kan de accu worden ingezet als uninterruptible power supply (UPS). Geld besparen en verdienen met de batterij als energieopslagsysteem. Gebruik zelf de opgewekte energie of verkoop aan het net. Fast charging Supersnel laden op de bouw of langs de snelweg. Peakshaving De Big Ass Battery vangt door de inzet van krachtige batterijen piekbelastingen op: peakshaving. Deze techniek vermindert de overlast op locatie, bespaart kosten en verlaagt de CO2-uitstoot tot 100%, omdat een dieselaggregaat niet meer nodig is. Brandveilige batterijcontainers"
https://bigassbattery.com,10/23/2023 16:25,"Big Ass Battery Power anywhere. Onze energieoplossingen Ontmoet Big Ass Battery Bekend van Hoogwaardige batterijtechnologie Charged up Ons nieuws Get in touch Safe. Sustainable. Scalable. Netverzwaring Energieopslag Fast Charging Groot in naam. Klein van formaat. What you see is what you get. The clients we've Meer over. Netcongestie bij nieuwbouwprojecten of bedrijfsuitbreiding: Lange Wachttijden op elektriciteitsaansluiting het “nieuwe normaal” ED: Guido levert ‘Big Ass’ batterijen uit Nuenen om dijken te versterken met groene stroom Contact Power(ed) anywhere Cookie-tracking voor de beste ervaring We gebruiken cookies om uw surfervaring te verbeteren, gepersonaliseerde advertenties of inhoud weer te geven en ons verkeer te analyseren. Door op ""Alles accepteren"" te klikken, stemt u in met ons gebruik van cookies. No cookies to display. Batterijsystemen en omvormers Op naar een uitstootvrije generatie met schone mobiele batterijstroom en energieopslag. Scroll to turn on the power On- en Off-grid batterijstroom. Krijg razendsnel het extra gevraagde vermogen dat nodig is om jouw bedrijf of machine continu te laten draaien. Geld besparen en verdienen met de batterij als energieopslagsysteem. Gebruik zelf de opgewekte energie of lever terug aan het net wanneer het teruglevertarief gunstig is. Supersnel laden op de bouw of langs de snelweg. Onze Fast Charger zorgt ervoor dat je elektrische voertuigen binnen enkele minuten volledig zijn opgeladen en er geen kostbare tijd verloren gaat. Snel, sterk en slim. De Big Ass Battery is kampioen in zijn klasse. Groot in naam, maar klein van formaat. Met ons energieopslagsysteem ben je on- en off-grid overal razendsnel voorzien van krachtige groene batterijstroom en sla je efficiënt energie op. Geen uitstoot, geluidsoverlast en brandstofkosten. Wél een duurzaam en veilig alternatief. Onze batterijsystemen zijn compacte 10-voetscontainers met moderne hoogwaardige batterijen. Door toepassing van de beste LFP-batterijen (lithium-ijzer-fosfaat) zijn onze energieopslagsystemen brandveilig en gaan langer mee dan de meest gebruikte lithium-ion-batterijen. Zónder verlies van performance. Want in tegenstelling tot vele andere batterijcontainers kun je de capaciteit van onze batterijen voor de volle 100% gebruiken. What you see is what you get! Sustainable Lange levensduur zonder verlies van performance. De batterijcapaciteit gebruik je voor de volle 100%! Safe Brandveilig door toepassingen van moderne hoogwaardige LFP-batterijen (lithium-ijzer-fosfaat) Scalable Compact en oneindig schaalbaar vanaf 75 kWh We kick ass. En daar houden we je graag van op de hoogte. Ook vind je hier onze publicaties en interessante artikelen rondom de energietransitie, batterijsystemen, technologie en toepassingen. Adres Telefoon Emailadres Volg ons Stuur ons een bericht ""*"" geeft vereiste velden aan Pagina's © 2023 Big Ass Battery. All rights reserved. Privacy Policy Algemene voorwaarden Meldingen Nederlands Overal krachtstroom op batterijen Brandveilig door toepassing van moderne hoogwaardige LFP-batterijen Compact en schaalbaar energie opslagsysteem Artikel lezen *"
http://www.broadbit.com,10/23/2023 16:25,"GREEN BATTERY TECHNOLOGY Revolutionary sodium-based Watch the video See our electrolyte brochure Technology Applications Core Team News Contact us Consider investing in BroadBit Batteries Transportation Engine Starters Portable Electronics Backup Power Dr. David Brown Andras Kovacs BroadBit is a technology company developing revolutionary new batteries using novel sodium-based chemistries to power the future green economy. We have already made high performance lab samples and are now commercializing the technology for next generation electric vehicles, portable electronics, starters and grid energy storage. Our batteries enable: The batteries are based on metallic sodium and other widely available and plentiful compounds. Our active materials include sodium chloride (NaCl), which is also known as table salt. BroadBit is also developing a high power and low cost battery capable of fully recharging in 5 mins. Higher specific energy and lower cost materials compared to traditional Li-ion technology mean, for instance, more than 1.5x vehicle range at same cost. Non-flammable electrolyte and stable fully discharged state mean, for instance, that our batteries are safe to transport and store without metallic sodium content or risk of fire. Low cost and abundant raw materials mean that our batteries can be manufactured at almost any scale without running out of resources. Our batteries enable longer range electric vehicles. We eliminate range anxiety and make electric vehicles competitive in price. Our batteries provide increased durability for starter applications. We eliminate dead batteries due to cold temperature or over discharging. Our batteries allow electronics such as laptop computers, sensors, and flashlights to be lighter and last longer between charges. Our batteries enable cheaper and smaller energy storage systems for backup power applications. CEO Founder & former CEO of Canatu, Teicos Pharma, Particle Stream Technologies, AlmaKor & StreamWise. Fulbright Fellow with more than 150 scientific articles, 150 invited talks, and 200 patents and applications. Has raised and managed over 40 M€ of funding. CTO Founder & former CEO of BroadBit Energy Technologies. He has been the project coordinator for multiple EU co-funded projects totaling 8 M€ research budget. Main inventor of the BroadBit technology. White paper: Aleees and BroadBit Batteries have the technology for a next generation of market-leading batteries BroadBit Batteries wins the BASF Innovation Hub contest Salt batteries match UPS and seasonal battery requirements ProLion electrolyte improves the most energy-dense batteries ProLion electrolyte enables highest energy density cathodes BroadBit Batteries' market-leading electrolyte performance for LMFP batteries BroadBit is recognized as a Top-10 Energy Challenger BroadBit Batteries is awarded its most important patent to date BroadBit Batteries announces its advanced Li-ion electrolytes for market-leading batteries SO2 electrolyte patent will be granted BroadBit Batteries wins EIC Accelerator award BroadBit to present at World Intellectual Property Day Electrolyte patent will be granted BroadBit commercially launches its new Li-ion electrolyte A safer Li-ion electrolyte with wide operating temperature window ISO 9001:2015 certification Key BroadBit Battery Patent granted BroadBit demonstrates the high safety of its Gen 1 cells BroadBit unveils high performance battery cells. BroadBit installs and qualifies novel, cheap, green cathode production process. BroadBit introduces a low cost and portable battery cycling system. You can reach us by e-mail at: firstname.lastname@broadbit.com BroadBit Batteries Oy Metallimiehenkuja 8 C 02150 Espoo VAT number: FI27275979 Investor contact: David Brown, david.brown@broadbit.com CEO, BroadBit Batteries recognized as enabling technology by numerous awards: Sept 7, 2023 Apr 27, 2023 Apr 13, 2023 Feb 6, 2023 Jun 12, 2022 Apr 28, 2022 Apr 19, 2022 Apr 11, 2022 Apr 7, 2022 Mar 31, 2022 Mar 29, 2022 Mar 22, 2022 Dec 22, 2021 Dec 20, 2021 Sep 29, 2020 Sep 28, 2020 Aug 24, 2020 Jun 17, 2020 May 7, 2020 Jan 9, 2020 Dec 31, 2019 Dec 4, 2019 Apr 15, 2019"
http://brightdaygraphene.se,10/23/2023 16:25,"Welcome to Bright Day Graphene – We offer green graphene for high-tech applications. We use a residual product from the forest industry and transform it into a high-quality graphene material, suitable for energy storage and other applications that benefits from the outstanding thermal and electrical conductivity of graphene. Why Graphene? What's new? Contact us Closing the cycle – from nature to nature The ultimate properties for energy storage Enabling a sustainable energy society There is a lack of high-performing graphene to a reasonable price on the market today. We are on a journey to provide mass produced premium graphene because we are convinced that this is what is needed to bring more high-tech graphene products to the market. Our graphene is made from renewable resources and has unique properties optimized for energy storage. Our goal is to enable a sustainable energy society. Want to join us? Graphene is the super-material of the future Events, news and media. For further information or questions TAPPING THE ELECTRONIC POTENTIAL OF GRAPHENE REALIZING THE POTENTIAL OF GRAPHENE CONTACT US HERE We use a raw material that has a natural cycle and is in surplus. Our green graphene is climate neutral and 100 % toxic-free in all stages of its life-cycle; from production to disposal. Good for nature and good for our customers. Our graphene material combines a new form factor and the ability to produce in bulk. gives us a flexible material with excellent properties when it comes to thermal features, electrical conductivity and high specific surface area. The unique features of our graphene make new, efficient energy storage solutions possible. Solutions that are an important part of creating the future and that will play a decisive role in converting to a 100% fossil-free society. READ MORE HERE TEL 070 - 649 64 47 ADDRESS Kistagången 16, 164 40 Kista E-MAIL info@brightdaygraphene.se"
https://boldvaluable.tech/electrification-technology/,10/23/2023 16:25,"Making Formula 1 Technology available at scale Battery Systems for high performance applications BOLDair BOLDhp End-to-End Development & Production of Battery Solutions for High-Performance Applications Our Electrification Technology Team Are you looking for a trusted developement partner? Chris Rini Oscar Crespo Franco Summermatter Aviation and Defence Motorsport and Hyper Car Marine Automotive Latest about Electrification Technology BOLD offers two platform products for high performance systems that need energy storage in mobility applications. Both systems offer lightweight. Aviation Total energy 14.8 kWh Voltage 672 V (Nom) Weight 52 kg High performance applications 11.7 kWh 648 V (Nom) 65 kg Focused on delivering high performance and sustainable products to market for mobility applications. 285 Wh/Kg Aviation battery game changer 200 MWh Current production line manufacturing capacity 1500+ Manufacturing batteries under contract Principal Engineer Electrification Previous positions Connect on Linkedin Project Manager Electrification Chief of Airworthiness Bold’s Electrification business unit also offers bespoke battery design services from clean sheet to production. We are experienced at developing and manufacturing battery packs for the most demanding applications. We can help you achieve superior energy density and safety characteristics for your aircraft thanks to our knowledge in battery systems and composite components. Transferring the know-how from motorsport allows us to work on EV, hybridor and IC hypercar projects in the composite bodywork / chassis and battery system areas. We offer design and manufacturing of interior and exterior components made out of glass fibre and carbon fibre composites to help you find the best solution for your marine application. Highly cosmetic A-class and structural composite assemblies and simulation. Mechanical assemblies for chassis and powertrain components. high performance High-Performance Applications Team"
https://boldvaluable.tech/about/,10/23/2023 16:25,"Dare to shape your ideas into reality Our team is made up of top engineers from leading companies in their fields Electrification From F1 to a customer-centric company working directly on commercial projects. The foundation of what BOLD is today. Our Values Bernat Carreras Gerard Torres Customer Obsession Ownership Excellence Integrity Boldness We are constantly looking for talent to join us ABOUT US Combined experience of engineers from automotive and aerospace companies. Knowledge in high volume manufacturing and prototyping to balance our customer needs on their respective fields. Founder & CEO Chief Operations Officer OUR STORY BOLD was founded in 2019 with one objective: to make Formula 1 battery technology available at scale. Our experience in energy storage solutions and carbon fibre materials uniquely positions us to accelerate the speed of electrification. BOLD was founded in Girona, Spain, by Bernat Carreras. He studied an MSc Automotive and Motorsport Engineer by Brunel University in UK. In 2019, after a 6-year stint as a Design Engineer working for several Formula 1 Teams, he realized of the potential of lightweight composite structures and high performance battery systems for commercial applications. This made him quit F1 and started BOLD from his apartment in Spain, where he is originally from. The first two employees were hired to work on battery and composite projects. After going through the initial COVID wave, we moved to our first office and the team grew to 10 employees by the end of 2020. At that point, based on the forecast of growth and ambition of becoming a battery pack manufacturer, there was a need to find a larger facility. In June 2021, BOLD moved to the current HQ in the north of Barcelona. In only 18 months, the company grew from 15 employees to more than 120 as of Q1 2023. In Q1, the production line has started with the first large volume production project of 1500 batteries. We are focused on delivering a high level of engineering service and quality products to the high performance mobility market. We have a practical approach to demonstrating our capabilities by working with real applications from day one. 1 We are obsessed with delivering value to our customers through impeccable responsiveness, communication and reliability. 2 We are eager to see projects through to completion. We go above and beyond to deliver on expected results. 3 We aim to become the best professionals. We are detail oriented, results driven and continuously look for improvement opportunities in everything we do. 4 We take a “people first” approach by respecting our colleagues and treating them fairly. We are ambassadors of our own brand. We are bound to confidentiality and meritocracy. 5 top engineers"
https://boldvaluable.tech/applied-engineering/,10/23/2023 16:25,"Your trusted applied engineering and development partner We are not your supplier, we are your partner Projects we have worked on Our Applied Engineering Team Capability to deliver finished components from a clean sheet BOLD’s in-house capabilities extends to testing and validation Concept Design Body and Chassis Composites and Welding Powertrain and Propulsion Hardware and Software Development Project Engineers, CAE and CAD From blank sheet to production: complete life-cycle Formula 1 Inverter casing FE Power train UAV Structural Simulation Steven Elliott Thomas Newcomb Harry Street Peter Studer In-house experience of traditional composites manufacturing techniques Spain and UK-based supply chain for quick-turnaround projects Cell Testing Module & Pack Testing From characterization to thermal runaway containment Latest about Applied Engineering Concept Phase Pre-development phase Series Development APPLIED ENGINEERING DIVISION Our customers trust us because we understand their needs. We work hand-in-hand with global brands to help them innovate and overcome their technical challenges in light weighting, bringing a competitive advantage in the engineering development stage. We use advanced CAD systems to assist our customers with their engineering and development requirements. Projects we have worked on include: Structural & Body Confidential Hyper-Car Chassis Housing development and manufacturing Power electronic and cooling system packaging Ultra-lightweight fairings Power Electronics FEA Head of Programmes Senior Composite Designer Senior Project Manager Sales Director …and 100+ extremely talented engineers and technicians Complementing our strong experience in design we also have the capability and experience to deliver finished composite and mechanical components, from individual parts to fully assembled sub-systems. 24-channels (Voltage: 0-5V; Current: 2400A) with Climatic Chamber (-40 to +95 ºC, humidity control) Abuse testing Cooling system design evaluation (Coolant temperature: -50ºC to 220ºC, Flow rate: up to 65/min) we are your partner complete life-cycle Projects"
https://boldvaluable.tech/contact/,10/23/2023 16:25,Let's work together I accept the Privacy Policy and the Legal Notice Send
http://boldvaluable.tech,10/23/2023 16:25,"Leveraging our Formula 1 pedigree to shape the future of sustainable mobility Electrification Technology Applied Engineering What trade shows we will be attending Our long-term vision focuses on continuously increasing value in our services by improving technology Transforming our know-how into valuable technology Latest news MIA - Motorsport Engineering & Technology Show The Battery Show USA Cenex LCV The Battery Show Europe EBACE Geneva Vertical Flight Society main show Advanced Cleantech Expo MIA - Net Zero motorsport Vertical Flight Society Manage cookie consent To provide the best experiences, we use technologies like cookies to store and/or access device information. Consenting to these technologies will allow us to process data such as browsing behaviour. This is how we can power you up BOLD Electrification Division offers a range of High Voltage Battery Systems for high performance applications. We focus on performance and safety based on our engineering pedigree and internal testing capabilities. BOLD currently offers a 650V non-automotive applications and a 800V system for aviation propulsion. Learn more BOLD Applied Engineering Division provides engineering and design services for automotive, aerospace and motorsport sectors. We have a core expertise in composite, mechanical, hardware and software development that can be deployed in multiple customer applications. We have around 50 engineers and growing to 200 by 2025. PAST EVENT Booth 6-G41 Booth Stand 350D Technology allows us to horizontally integrate our knowledge and experience to make all kinds of products: battery technology for vehicles, composite parts for aerospace or mechanical assemblies for industrial equipment. From our headquarters situated next to the racetrack in Barcelona, Spain, we aim to transform our know-how into valuable technology that helps businesses launch their high performance EVs to market. Our customers are companies in high performance sectors including motorsport, Formula 1, hyper cars, aerospace and eVTOL/eCTOL. Material Marvels: Transforming Industries with Carbon Fibre and Resins Passion-Powered Progress: BOLD's Mechanical Design Engineers Share Their Career Journeys Intellectual Property: Powering the Future and Protecting Our Own The Challenges of Developing High-Performance Aviation Modules Happy one-year BOLD-iversary, Steven Elliott Dassault Systèmes x BOLD Would you like to make something great together? Do you want to stay up to date? By sharing your email address, you agree to receive marketing emails and consent to our Legal Notice and Privacy Policy Functional Functional Always active Functional Functional Always active The technical storage or access is strictly necessary for the legitimate purpose of enabling the use of a specific service explicitly requested by the subscriber or user, or for the sole purpose of carrying out the transmission of a communication over an electronic communications network. Preferences Preferences Preferences The technical storage or access is necessary for the legitimate purpose of storing preferences that are not requested by the subscriber or user. Statistics Statistics Statistics The technical storage or access that is used exclusively for statistical purposes. The technical storage or access that is used exclusively for anonymous statistical purposes. Without a subpoena, voluntary compliance on the part of your Internet Service Provider, or additional records from a third party, information stored or retrieved for this purpose alone cannot usually be used to identify you. Marketing Marketing Marketing The technical storage or access is required to create user profiles to send advertising, or to track the user on a website or across several websites for similar marketing purposes. trade shows 11 Oct, 2023 13 Sep, 2023 06 Sep, 2023 23 May, 2023 6-G41 16 May, 2023 01 May, 2023 21 Mar, 2023 24 Jan, 2023 Stand 350D increasing value © Bold Valuable Technology Spain SL · All rights reserved Contact us stay up to date? Subscribe Now"
https://www.zpnenergy.com/home-energy,10/23/2023 16:25,"Error: Timeout 30000ms exceeded.
=========================== logs ===========================
navigating to ""https://www.zpnenergy.com/home-energy"", waiting until ""load""
============================================================"
http://www.zpnenergy.com/made-in-britain,10/23/2023 16:25,"ZPN energy is a member of Made in Britain, a community of experienced loyal tradesmen and manufacturers who are proud to present their British made products to the rest of the world. By including this logo on our products we not only promote the domestic manufacturing of ZPN energy but symbolises the values of the British Market. community of experienced loyal tradesmen and manufacturers who are proud to present their British made products to the rest of the world. By including this logo on our products we not only promote the domestic manufacturing of ZPN energy but symbolises the values of the British Market."
https://www.zpnenergy.com/modern-slavery,10/23/2023 16:25,"Modern Slavery Policy Read our Modern Slavery Policy ZPN Energy Ltd. states, in compliance with sec. 54 of the Modern Slavery Act 2015, its enduring commitment to ethical practices and to ensure that neither modern slavery nor human trafficking takes place within the business, its subsidiaries or its supply chain. ZPN Energy is committed to an ethical, fair and safe business environment and culture, from its own operation down the entire supply chain. For copies of our commercial and ethical policies, please see the website or contact us. For all ZPN Energy employees, as well as performing identity checks, we check a range of documents relating to their employment history and ability to work for the business. We have a number of agency staff from various employers, and we check and verify that all agencies are appropriately following correct and ethical employment practices. ZPN Energy is also committed to ensuring that the ethical treatment of workers throughout our supply chain remains positive and correct. We do this through our list of ISO9001-approved suppliers, our system of checks on new suppliers and our requests for information every three years, within our supplier verification checks. There is a copy of this statement, as well as all other ZPN Energy ethical policies, saved in our internal computer system, with copies available to all ZPN Energy employees."
https://www.zpnenergy.com/ev-charging#3,10/23/2023 16:25,"ZPN EV CHARGING - Rapid, Ultra Rapid & Mobile EV Chargers Rapid and ultra-rapid electric vehicle chargers for street, public & mobile energy as a service. Welcome to the future of EV charging. ZPN HUBZ® PARK HUBZ® ZAPME® HUBZ® charging technology alleviates strain on power infrastructures by using a combination of ‘Power Boosted’, battery stored energy, patented power-sharing and smart communication to ensure a balanced, uninterrupted charge. Off-grid or in rural locations with constrained or single phase power! Our trip hazard-free and disability friendly chargers deliver the charge advertised for maximum customer satisfaction. ZPN offers the only charger that meets or exceeds PAS 1899:2022 Rapid ChargingZPN HUBZ® range of British built EV charging solutions deliver up to 350kW of rapid DC charging, getting you back on the road quickly. An optional Type 2 untethered connection also provides a 7kW AC charge. User Friendly & Accessible: Sleek, innovative design with user-friendly charging solution features such as a wheelchair height, multimedia coloured touch screen and a powered, lightweight retractable charge cable up to 350kw charge speeds. Contactless payment via debit/credit card, Apple Pay, Google Pay and RFID is available on request. Trip Hazard free PAS 1899:2022 disability friendly EV charging. World’s first OCPP 2.0.1 Compliant Charger: Peace of mind from enhanced security and improved functionality. Critical Infrastructure Security: In the insecure world where threats to security are high, whether cyber or hardware, ZPN are the only manufacturer that can offer UK and USA build with minimal Asian derived network-enabled systems. Rapid ChargingPark HUBZ® range delivers 50kW Rapid DC charging service, getting ev drivers back on the road quickly. An additional Type 2 untethered connection also provides a 7kW AC charge, designed for constrained energy supplies, minimal ground works, onsite Solar PV and energy storage.User Friendly & Accessible: Sleek, innovative design with user-friendly features such as a wheelchair height multimedia colour touch screen and a powered, retractable charge cable. Contactless payment via debit/credit card, Apple Pay and Google Pay. OCPP 2.0.1 Compliant Charger: Peace of mind from enhanced security and improved functionality ZAPME® is the world's first mobile EV charging recovery service unit designed to rapidly charge immovable EV's that have run out of charge. ZPN originally conceived portable electric vehicle charging in 2014. Since then our tech has led the way to supply on-demand mobile EV charging; ZAPME bringing the charger to you. Recharge at 50KW rapid and 150KW ultra rapid speeds and at up to 1000v. You choose as little or as much charge as is required to move the dead electric vehicle. Featured charging options include: - Vehicle or trailer Mounted - Containerised - Hand movable - Rapid and Ultra Rapid DC speeds - Custom Specification available From 10KWh/40kw charge rate up to 1MWh/400KW ultra-rapid charge.ZAPME EV Charging solutions include a full set of telemetry features, location, battery condition, charge cycles and much more. Find out more at www.zapme.biz mobile EV charging since 2016. Patents applied for. HUBZ ® Rapid Charging range of British built EV charging solutions deliver up to 350kW of rapid DC charging, getting you back on the road quickly. An optional Type 2 untethered connection also provides a 7kW AC charge. User Friendly & Accessible: Sleek, innovative design with user-friendly charging solution features such as a wheelchair height, multimedia coloured touch screen and a powered, lightweight retractable charge cable up to 350kw charge speeds. Contactless payment via debit/credit card, Apple Pay, Google Pay and RFID is available on request. Trip Hazard free PAS 1899:2022 disability friendly EV charging."
https://www.zpnenergy.com/who-are-zpn,10/23/2023 16:25,"Who are ZPN Energy? Proudly British innovation and technology to enable the transfer to sustainability manufactured in the UK. What's ZPN all about? ZPN is a leading British, fast-growing Energy Technology (EnTech) provider headquartered in Coventry (UK). We design, develop and produce infrastructure technologies to win the fight against climate change including Energy Storage, Rapid and Ultra Rapid EV charging, mobile EV charging, Home energy management, off grid charging solutions, grid support including those that support energy suppliers worldwide. ZPN contributes to a zero-carbon society as it propels the use of self-reliant, sustainable solutions and promotes a culture for cleaner air and healthier lives. ZPN Energy has developed innovative smart green energy solutions to target Net ZERO challenges for a variety of applications for the home to commercial, including rapid and ultra-rapid chargers for electric vehicles including chargers that exceed PAS 1899:2022, Electric vehicles – Accessible charging – Specification. ZPN owns a unique intellectual property portfolio within its integrated energy management systems. The technology utilises a disruptive approach, turning the standard grid into a Smart Grid by making use of IoT and machine learning to integrate data and physical assets. ZPN is the first worldwide, to design and manufacture technology that has been specifically created to be compliant with the latest Open Charge Point Protocol (OCPP) 2.0.1 and the only manufacturer at time of publication exceeding PAS 1899:2022, Electric vehicles – Accessible charging – Specification ZPN Energy is one of the few companies in this sector that can provide the highest level of infrastructure security with a range of products that are predominantly manufactured in the UK and USA.. This ensures Critical Infrastructure providers can be assured of quality without compromise. We use cookies to ensure a smooth browsing experience. By accepting, you agree the use of cookies. Learn More No Thanks"
https://www.zpnenergy.com/business-energy,10/23/2023 16:25,"ZPN BEMS - Business Energy Management Integration of renewables including solar, wind and lowest-cost grid energy harvesting to maximise energy sustainability & turn EV charging into a profit centre. Find Out More Business Energy Management ZPN BIZ is an integrated system designed for all business applications, from car dealers to retail and hospitals. It combines energy from multiple inputs (grid, solar, wind etc) and directs the energy flow into high energy battery storage for use when it is needed most. Electricity is harvested off peak from the grid, solar PV panels, wind or fuel cells and is stored in our ZAP Store. This stored power can be used to power EV charging stations in order to re-charge EV's or any other electrical process or demand at your property. This energy storage & integrated charging solution allows your business to generate cheap, or even free, energy that can be stored and then used at peak times to reduce energy costs. ZPN BIZ is an integrated system designed for all business applications, from car dealers to retail and hospitals. It combines energy from multiple inputs (grid, solar, wind etc) and directs the energy flow into high energy battery storage for use when it is needed most. Electricity is harvested off peak from the grid, solar PV panels, wind or fuel cells and is stored in our ZAP Store. This stored power can be used to power EV charging stations in order to re-charge EV's or any other electrical process or demand at your property. This energy storage & integrated charging solution allows your business to generate cheap, or even free, energy that can be stored and then used at peak times to reduce energy costs. Watch the explainer video below"
https://www.zpnenergy.com/grid#2,10/23/2023 16:25,"ZPN GRID - Energy Grid Enablement Patented management technology for sustainable micro grids Grid Energy Management ZPN's Home's Business and Neighbourhood Energy Management Systems (HEMS, BEMS and NEMS) is a grid supporting comprehensive energy management platform. The system allows the active enablement and management of grid energy supplies. This provides the ability to maximise the use of renewables that are grid sourced or onsite and reduce demand on the grid. ZPN Grid combines with home or commercial battery energy storage and EV charging. ZPN Grid systems allow business owners, network operators, housing and commercial developers, landlords and ultimately homeowners to reduce energy costs. Commercially, this can support and/or increase housing density, increase development sustainability, lower the impact of developments on network grid infrastructure to reduce peak demand caused by EV charging and other energy-intensive processes. ZPN's Home's Business and Neighbourhood Energy Management Systems (HEMS, BEMS and NEMS) is a grid supporting comprehensive energy management platform. The system allows the active enablement and management of grid energy supplies. This provides the ability to maximise the use of renewables that are grid sourced or onsite and reduce demand on the grid. ZPN Grid combines with home or commercial battery energy storage and EV charging. ZPN Grid systems allow business owners, network operators, housing and commercial developers, landlords and ultimately homeowners to reduce energy costs. Commercially, this can support and/or increase housing density, increase development sustainability, lower the impact of developments on network grid infrastructure to reduce peak demand caused by EV charging and other energy-intensive processes."
https://www.zpnenergy.com/,10/23/2023 16:25,"Rapid EV Charging, Energy Management & Battery Storage Made in Britain Redefining the EV charger Solutions: Automotive Dealers Solution: Commercial Fleet Solution: Housing Developer Solution: Forecourt Operator The five principles of ZPN With ZPN HUBZ®, charging your EV has never been simpler, faster, safer or more reliable. Featuring state-of-the-art technology and software, ZPN HUBZ posesses supremely rapid charging speeds (50-400kW guarenteed) with stored battery energy management whilst also being disability friendly. In addition, ZPN HUBZ is suitable for off grid and commercial applications. Inconsistent charging infrastructure provides new challenges for most car dealers. Therefore, the question becomes how the EV transition affects your sales process and how do you manage your electrical supply to supply a new customers' purchase with sufficient charge? There is also an opportunity to derive enhanced income, reduce operating costs and supercharge customer loyalty by becoming their preferred charging location.ZPN solutions include advertising media screens and mobile energy as a service. How do commercial fleets charge their vehicles? will they have a big enough electrical supply? ZPN have an end to end solution that combines onsite renewables, energy storage and charging that ensures every kilowatt supplied is at the absolute lowest cost.Did you know you could make up to £860,000 from just 6 rapid ZPN EV chargers? 2021, UK Government requires all new build properties to have EV charging. Did you know that ZPN Housing Developer Solutions can provide a program where you guarantee new buyers fixed-priced energy? Even better, if your development site supply is constrained we can show you how to increase housing density by up to 30%, increase property sales values by 15% and have Rapid DC charging at the property. The world of vehicle fuelling is changing, the transition to EV for fuel forecourt operators means less fossil fuels and more EV. How do you move to EV without being beholden to one of the major's 15 year EV contracts? ZPN has the answer from one charger to an integrated solution with onsite renewable fed and energy storage. ZPN forecourt operator EV charging solutions free you from constrained supplies and you have control. ZPN Energy is based in the heart of the British Midlands. The location acts as a reminder of both Britains automotive and engineering heritage. ZPN intends to build on this heritage by being proud to present their British made products to the rest of the world and drive the move to a carbon neutral future. Energy, Management, Innovation, Sustainability. Delivered EV Charging Energy Storage Grid Management Home Energy Business Energy Inconsistent charging infrastructure provides new challenges for most car dealers. Therefore, the question becomes how the EV transition affects your sales process and how do you manage your electrical supply to supply a new customers' purchase with sufficient charge? There is also an opportunity to derive enhanced income, reduce operating costs and supercharge customer loyalty by becoming their preferred charging location. ZPN solutions include advertising media screens and mobile energy as a service. How do commercial fleets charge their vehicles? will they have a big enough electrical supply? ZPN have an end to end solution that combines onsite renewables, energy storage and charging that ensures every kilowatt supplied is at the absolute lowest cost. Did you know you could make up to £860,000 from just 6 rapid ZPN EV chargers? ZPN HUBZ® and ZAPME® chargers deliver Rapid and Ultra-Rapid DC charging for street, carpark, mobile, recovery, on-demand and rural or grid-constrained applications. The world’s first OCPP 2.0.1 Compliant Charger. ZPN Chargers are uniquely disability friendly. The ZAP Store is a high energy storage unit that supports businesses and EV charging with high demand or constrained supply. The modular design enables energy storage to be combined with onsite renewables, Experts since 2017. ZPN Grid Energy Management systems allow business owners, network operators, developers, landlords and homeowners to reduce energy costs. Ideal for property developers, waste to energy, EV charging stations, Hotels and business owners. ZPN's Home & Home Energy Management Systems (HEMS) is a comprehensive energy management platform that gives developers and homeowners the ability to optimise their energy consumption across smart devices and charging. ZPN BEMS manages power in business applications, It combines energy from multiple inputs and directs this into high energy storage for use on demand, reducing cost and supply constraints. BEMS is the end to end solution that slashes your energy costs. About Us Who are Zpn? Blog Resources Tutorials Modern Slavery Contact Us 0800 009 6208 info@zpnenergy.com © ZPN Energy 2021 Site design by SuperHub Ltd ©ZPN Energy is a member of Made in Britain I'm Evie. How can I help you? Home ZPN HUBZ ZAPME ZPN Power ZPN Drop ZPN Store Grid Micro Grid ZAPME HOME ZPN Home HEMS EV Enabler BEMS About Who are ZPN? Partners Contact … Site SuperHub Ltd © ZPN Energy is a member of Terms & Conditions Privacy Policy All Posts We use cookies to ensure a smooth browsing experience. By continuing we assume you accept the use of cookies. Connect"
https://www.bioesol.com,10/23/2023 16:25,"Contacto Independencia energética Residencial Negocios Comercial Industrial Movilidad EBIOESOL ENERGY Energía para todos “Lograrlo depende de nosotros, de las decisiones que tomemos cada día” You are Powerful El poder energético en tus manos Energía omnipresente Control total Autonomía energética Seguridad Poder para cada necesidad 33 3575 7512 en todos los lugares y donde sea y absoluto de tu consumo energético suministro de energía continua, día y noche Energía limpia y continua sin depender de nadie y absoluto de tu consumo de energía Ecología Ahorro Autonomía Diseño Moderno y compacto Eficiente y Seguro Protección y Ahorro Independencia y Ecología Potente y Conveniente BIOESOL ¿Podemos aspirar a vivir en un mundo sustentable? Obtén el control de la energía que generas. Energía Limpia | Energía Libre Scroll Down Nuestro compromiso con el mundo va más allá de nuestro presente y futuro cercano; somos conscientes de la trascendencia de nuestras decisiones, por tanto decidimos hacer algo HOY, para que las futuras generaciones tengan un mundo mejor, donde disfruten la libertad de aprovechar el 100% de las energías limpias. La solución va mas allá de la generación, con el almacenamiento que te ofrece BioEsol, puedes utilizar la energía de acuerdo a tus necesidades, obtienes el control de una manera sustentable, con respeto y responsabilidad del medio ambiente. Tomamos la energía renovable del sol, que a través de paneles solares se transforman en corriente eléctrica. La BioGrid almacena energía limpia y la distribuye de acuerdo a las necesidades de tu casa, negocio o industria. Disfruta la energía, administrala de la mejor forma y contribuye con el medio ambiente al volver tu casa, negocio o industria, sustentable. Aprovecha al máximo el poder que te brinda la independencia energética, elimina cualquier dependencia. Con BioGrid almacenas la energía solar y la aprovechas al 100% de acuerdo a tus necesidades. BioEsol brinda la posibilidad de almacenar la energia limpia que generas y así evitas depender del proveedor de electricidad. Con BioGrid, el almacenamiento inteligente de electricidad solar es una realidad, obteniendo un suministro ilimitado de energía limpia y sustentable. BioGrid, además de brindarte la autonomía energética, se adapta al diseño de cualquier hogar. Su diseño innovador y atemporal, ofrece opciones de instalación versátiles para espacios interiores y exteriores. Con BioGrid logra la independencia energética, brindando a tu negocio la autonomía que requiere para operar sin los contratiempos de la la red eléctrica. Almacena la energía para utilizarla cuando requieres y protege a tu negocio ante cualquier eventualidad del proveedor de electricidad. BioGrid es un sistema de almacenamiento de energía, detecta cortes de suministro eléctrico y se convierte automáticamente en la fuente de energía de tu negocio cuando la red eléctrica deja de funcionar. Te permite estar protegido y al mismo tiempo ahorrar. BioGrid mantiene la operación de tu industria 24/7, logrando una autonomía y eficiencia energética. Su software te permite programar los horarios de carga y descarga, maximizando la rentabilidad. Con BioGrid eliminas la necesidad de tener un generador de energía, ya que lo sustituye al 100%. BioGrid Station tiene la potencia para lograr la carga de tu automóvil eléctrico, de una manera conveniente y en un tiempo razonable. Para más información contactáctanos y nos comunicaremos contigo contacto@bioesol.com Guadalajara, Jalisco, México 9am a 6pm TCM Inicio"
https://voltfang.de/ueber-uns/faq/,10/23/2023 16:25,"Frequently Asked Questions FAQ In diesem Frequently Asked Questions (FAQ) finden Sie eine Sammlung von Antworten auf häufig gestellte Fragen zu einem bestimmten Thema oder einer bestimmten Dienstleistung von Voltfang. Sie haben hier keine Antwort auf Ihre Frage gefunden? Dann wenden Sie sich gerne an uns. Dort erhalten Sie eine individuelle Beratung zu Ihrem Speichervorhaben. Allgemein Da jedes Projekt individuelle Anforderungen mit sich bringt, ist es uns leider nicht möglich, exakte Preisangaben zu machen. Wir verstehen jedoch, wie wichtig eine grobe Preisindikation für Sie ist. Daher bieten wir Ihnen gerne eine unverbindliche und näherungsweise Preisauskunft an, sobald Sie uns ein Angebot anfordern und möglicherweise eine kostenlose Stromanalyse durchführen lassen. Die kostenlose Stromanalyse ermöglicht es Ihnen, weitere Informationen zur Wirtschaftlichkeit Ihres Projekts zu erhalten. Dadurch können wir Ihnen besser dabei helfen, die für Sie passende Lösung zu finden. Angebot machen Um zu prüfen, ob ein Gewerbespeicher für Sie in Frage kommt, bitten wir Sie in einem ersten Schritt, unser unverbindliches Angebotsformular auszufüllen. Wenn Sie als geeignet eingestuft werden, werden wir im zweiten Schritt in einem persönlichen Gespräch oder per Kontakt-Austausch gemeinsam das passende Speichersystem ermitteln. Die benötigte Speichergröße ist abhängig von Ihrem Stromverbrauch, den größten Verbrauchern (z.B. Elektroauto, Wärmepumpe) und den Leistungsdaten Ihrer Solaranlage bzw. des BHKWs. Eine erste Einschätzung hierbei kann Ihnen der Unabhängigkeitsrechner geben. Der Voltfang Batteriespeicher ist eine Komplettlösung. Sie erhalten den Batteriespeicher inklusive einem Batteriewechselrichter. Zudem enthalten unsere Preise immer den Transport zum Aufstellort, Installation und Inbetriebnahme sowie die Anmeldung beim Netzbetreiber. Anschließend gewährleisten wir ein dauerhaftes Online-Monitoring des Speichersystems. Dadurch können wir Fehler im System vorbeugen und aus der Ferne beheben. Zudem versprechen wir die kostenlose Rücknahme der Batteriemodule am Ende Ihrer Lebensdauer. Hiermit ermöglichen wir einen gesicherten Rückfluss in ein vollwertiges Recycling aus unserem Partnernetzwerk. Unser Batteriespeicher erfüllt grundsätzlich die Voraussetzungen vieler Förderprogramme für Speichersysteme. Eine feste Zusage haben wir bereits von der Förderbank in Niedersachsen (N-Bank) und in Österreich (OeMag) erhalten. Weitere landesspezifische Förderprogramme werden aktuell von uns geprüft. Der Voltfang Batteriespeicher wird in unserer Produktionsstätte in Aachen (NRW) gefertigt. Durch die Weiterverwendung der gebrauchten Elektroautobatterien werden keine weiteren kritischen Ressourcen für die Herstellung verwendet. Mit dem Voltfang Batteriespeicher können Sie den Eigenverbrauch steigern, teure Lastspitzen kappen, Elektroautos mit dem eigenen Strom laden, sich gegen Stromausfälle schützen und/oder sogar Ihr Unternehmen vollständig unabhängig versorgen. 2nd Life Für aktuelle Lithium-Ionen-Batterien aus der Elektromobilität existieren derzeitig noch keine wirtschaftlichen Verwertungsmöglichkeiten. Verbunden mit der in Zukunft zunehmenden Ressourcenknappheit von seltenen Erden, welche essenziell für aktuell verbaute Batterien sind, bietet eine 2nd Life-Verwendung von Fahrzeugbatterien die Möglichkeit der Maximierung eines Batterielebens. Aussortierte Fahrzeugbatterien besitzen in der Regel eine alterungsbedingte Restkapazität von über 80 % und eignen sich somit ideal für die Nutzung in stationären Speichersystemen. Dies ermöglicht ein kosteneffizientes Produkt, bietet eine weitere Lebensphase für gebrauchte Fahrzeugbatterien und schont letzten Endes die Umwelt. Wir beziehen unsere Autobatterien direkt von bekannten deutschen Fahrzeugherstellern. Die Batteriemodule werden mit unserem eigens entwickelten Testverfahren nach internationalen Standards geprüft. Bestehen die Module den Test und entsprechen unseren Anforderungen, werden diese von uns aufbereitet und für die Wiederverwendung in einem Batteriespeicher freigegeben. Nach der 2nd Life-Nutzung im stationären Batteriespeicher, werden die Batteriemodule innerhalb unseres Partnernetzwerks von Recyclingunternehmen verteilt. Dadurch stellen wir sicher, dass die wertvollen Ressourcen der nachhaltigen Kreislaufwirtschaft (Closing the Loop) erneut zugeführt werden. Unseren Kunden bieten wir ein 10-jähriges Garantieversprechen mit unserer Batteryflat an. Dadurch gewährleisten wir den Austausch der Batteriemodule bei nachlassender Leistung. Dies wird durch ein betriebsoptimiertes Fenster für die Batterielebensdauer und die Anwendung unseres schonenden Batterieladealgorithmus erreicht. Zusätzlich gewährleisten wir die Qualität und Langlebigkeit der verwendeten Batteriemodule durch unser entwickeltes Prüfverfahren. Zieht man beispielhaft eine Bilanz für einen 10 kWh Batteriespeicher, können im Vergleich zu einem konventionellen Batteriespeicher, für welchen neue Batterien produziert werden müssten, bis zu 1t CO2, 3 MWh Energie und 50 kg an Ressourcen eingespart werden (vgl. Emilsson et al., Lithium-Ion Vehicle Battery Production, 2019) Zunächst gewährleisten wir die Sicherheit auf Zellebene der verbauten Batteriemodule, indem wir diese unserem Batterieprüfverfahren untersetzen und entsprechend für die 2nd Life-Nutzung aufbereiten. Das Testverfahren orientiert sich an der UN 38.3 und erfüllt somit alle Anforderungen an 2nd Life-Batterien. Zudem erfüllen unsere Speichersysteme den Stand der Technik an Batteriespeicherleitfäden, -richtlinien sowie –normen und sind mit der europäischen CE-Konformität gekennzeichnet. Technik Bei dem System handelt es sich um einen AC-seitigen Batteriespeicher. Dies bedeutet, dass das System hinter dem PV-Wechselrichter auf der 230 V AC Seite mit dem Gebäudestromnetz verbunden wird. Der Vorteil ist ein sehr schneller und einfache Installation, sowie die Möglichkeit der Integration des Batteriespeichers in jede bereits bestehende PV-Anlage. Die Basisvariante des Batteriespeichers ist einphasig. Falls ein dreiphasiges System gewünscht ist, kann dieses als Zusatzoption gewählt werden. Der Batteriespeicher wird Ende dieses Jahres notstromfähig sein. In der Basisvariante ist er einphasig, wodurch im Falle eines Stromausfalls nur die essentiellen Teile des Gebäudes versorgt werden können. Jedoch bieten wir auch die Möglichkeit, den Batteriespeicher als dreiphasige Variante zu bestellen. In diesem Fall kann beispielsweise eine komplette Produktionshalle jederzeit mit Energie versorgt werden, sowohl mit als auch ohne Netzanschluss. So haben Sie die Flexibilität, je nach Bedarf die passende Lösung zu wählen. Durch die AC-seitige Ausführung kann der Batteriespeicher in jedes vorhandene System integriert werden. Der bereits vorhandene Wechselrichter bleibt weiter in Benutzung und ein zusätzlicher Wechselrichter von Voltfang wird integriert. Derzeit kann zur Visualisierung nur die Voltfang interne Webapp genutzt werden. In der Zukunft wollen wir aber die Einbindung in bereits vorhandene Energiemanagementsysteme ermöglichen. Über einen externen Stromsensor am Stromanschlusspunkt des Gebäudes erfährt die Stromspeicherreglung, ob der von der PV-Anlage erzeugte Strom momentan im Gebäude verbraucht werden kann. Übersteigt die Stromproduktion den momentanen Verbrauch, wird der Batteriespeicher aufgeladen. Ist der Speicher voll und produziert die Photovoltaikanlage noch immer mehr Strom als im Haushalt gebraucht wird, dann wird der überschüssige Strom ins Netz eingespeist. Übersteigt der Stromverbrauch des Gebäudes die Produktion der PV-Anlage wird das Gebäude über den Batteriespeicher versorgt. Service Die Installation eines Voltfang Batteriespeichers wird von unserem Fachpartnernetzwerk aus kompetenten Elektro- und PV-Installateuren durchgeführt. Nach einer Beratung und durchgeführten Bestellung informieren wir unser Partnernetzwerk, welches innerhalb von ca. zwei Woche den Voltfang nach dem Plug&Play Prinzip installiert. Der Voltfang Batteriespeicher überwacht eigenständig den Gesundheitszustand seiner Batterien. Sollte hierbei eine Unregelmäßigkeit entdeckt werden, entscheidet der Batteriespeicher intelligent über weitere Maßnahmen. In der Regel werden Mitarbeiter unseres Serviceteams verständigt, welche das Problem direkt über die Fernwartungsfunktion beheben. Bei gravierenden Störungen kann der Batteriespeicher die Batterien eigenständig vom Netz trennen und benachrichtigt sowohl unser Serviceteam als auch den Kunden. Sollte eine Wartung vor Ort notwendig sein, kommen unsere Servicemitarbeiter bei Ihnen vorbei und beheben das Problem. Die Batteriespeicher von Voltfang können gemeinsam mit allen gängigen PV-Anlagen auf dem Markt genutzt werden. Bestehende Wechselrichter und Solarsteuerungen können dabei in das System integriert werden. Jede vorhandene Wallbox kann durch den Batteriespeicher gespeist werden. Zurzeit ist es noch nicht möglich Fahrzeuge in unser Speichersystem einzubinden. Sobald die Automobilhersteller bidirektionales Laden ermöglichen, wird der Batteriespeicher anpasst. Wärmepumpen können wie alle anderen Verbraucher mit dem Batteriespeicher gemeinsam verwendet werden. Aufgrund der hohen Leistungsaufnahme einer Wärmepumpe sollte diese jedoch bei der Auslegung eines geeigneten Speichers besonders berücksichtigt werden. Aktuell liefert und betreibt Voltfang die Batteriespeicher ausschließlich in Deutschland und Österreich. In Zukunft wollen wir jedoch unser Angebot auf weitere europäische Staaten erweitern. Derzeit bieten wir die Möglichkeit, unsere Batteriespeicher entweder über eine Anfrage auf unserer Webseite, telefonisch oder über unser Partnernetzwerk zu erwerben. Unser Team steht Ihnen jederzeit gerne zur Verfügung, um Ihre Anfragen zu bearbeiten und Ihnen bei der Auswahl des passenden Batteriespeichers behilflich zu sein. Kunden unseres Voltfang Batteriespeichers können dessen Ladestatus, sowie weitere nützliche Informationen direkt über unsere Web-App abrufen. Aktuell arbeiten wir daran, diese Informationen auch in einer eigenen Smartphone-App sowie für gängige SmartHome-Lösungen anzubieten. Grundsätzlich wird unser Voltfang Industrial in einem Brandschutzraum aufgestellt. Seit diesem Jahr bieten wir jedoch auch eine Outdoor-Version an, die flexibel an verschiedenen Standorten aufgestellt werden kann. Diese Outdoor-Version ermöglicht eine vielseitige und standortunabhängige Nutzung des Voltfang Industrial. Bei Fragen oder Interesse an einer der beiden Varianten stehen wir Ihnen gerne zur Verfügung. Der Voltfang Industrial besteht aus zwei Hauptkomponenten, dem externen Wechselrichter und dem Batterieschrank. Der Wechselrichter ist im Preis enthalten und wird in der Nähe des Batterieschranks an eine Wand montiert. Er kann unabhängig des Batterieschranks konfiguriert werden und ist daher an das Kundenbedürfnis perfekt anpassbar. Der Batterieschrank beinhaltet die Batterie-Management-Unit (Steuerung) und die Batteriemodule. Der Voltfang Industrial zeichnet sich durch seinen modularen Aufbau aus. Ein Batterieschrank hat die Maße (BxTxH) 800 x 600 x 2000 mm und kann bis zu 8 Batteriemodule enthalten, was eine maximale Kapazität von ca. 33 kWh ermöglicht. Sollte ein höherer Energiebedarf bestehen, können bis zu 10 Batterieschränke (1 MWh) seitlich ergänzt werden. Zusätzlich ist ein externer Wechselrichter verfügbar, der in der Basisvariante die Maße (BxTxH) 275 x 147 x 546 mm aufweist und an einer Wand montiert werden kann. Dieser Wechselrichter ermöglicht die Umwandlung des gespeicherten Gleichstroms in nutzbaren Wechselstrom. Unser modulares System ermöglicht es Ihnen, die Kapazität und Leistung des Voltfang Industrial an Ihre individuellen Anforderungen anzupassen. Zurzeit verwenden wir Wechselrichter der Marken KACO und Sinexcel. Je nach Anwendungsfall können die einzelnen Modelle flexibel bis zu 920 kW kombiniert werden, sodass wir jedem Kunden die passende Leistung zur Verfügung stellen können. Folgende Modelle können verwendet werden: Ja, die Kapazität kann jederzeit erweitert werden. Hierbei können zusätzliche Module in einem bestehenden Batterieschrank ergänzt werden oder ein weiterer Batterieschrank hinzugestellt werden. Die benötigte Speichergröße ist abhängig von Ihrem Stromverbrauch, den größten Verbrauchern (z.B. Elektroauto, Wärmepumpe) und den Leistungsdaten Ihrer Solaranlage bzw. des BHKWs. Eine erste Einschätzung hierbei kann Ihnen der Unabhängigkeitsrechner geben. Für aktuelle Lithium-Ionen-Batterien aus der Elektromobilität existieren derzeitig noch keine wirtschaftlichen Verwertungsmöglichkeiten. Verbunden mit der in Zukunft zunehmen den Ressourcenknappheit von seltenen Erden, welche essenziell für aktuell verbaute Batterien sind, bietet eine 2nd Life-Verwendung von Fahrzeugbatterien die Möglichkeit der Maximierung eines Batterielebens . Aussortierte Fahrzeugbatterien besitzen in der Regel eine alterungsbedingte Restkapazität von über 80 % und eig n en sich somit ideal für die Nutzung in stationären Speichersystemen . Dies ermöglicht ein kosteneffiziente s Produkt, bietet eine weitere Lebensphase für gebrauchte Fahrzeugbatterien und schont letzten Endes die Umwelt Wir beziehen unsere Autobatterien direkt vo bekannten deutschen Fahrzeughersteller n. D ie Batteriemodule werden mit unserem eigens entwickelten Test verfahren nach internationalen Standards geprüft. Bestehen die Module den Test und entsprechen unseren Anforderungen , werden diese von uns aufbereitet und für die Wiederverwendung in einem Batterie peicher freigegeben. Nach der 2nd Life- Nutzung i m stationären Batteriesp eicher , werden die Batteriemodule innerhalb unseres Partnernetz w erk Recyclingunternehmen verteilt. Dadurch stellen wir sicher, dass die wertvollen Ressourcen der nachhaltigen Kreislaufwirtschaft (Closing the Loop) erneut zugeführt werden Zieht man beispielhaft eine Bilanz für einen 10 kWh Batteriespeicher, können im Vergleich zu einem konventionellen Batteriespeicher, für welchen neue Batterien produziert werden müssten, bis zu 1t CO Zieht man beispielhaft ein e Bilanz für einen 10 kWh Batterie speicher , k önn en im Vergleich zu einem konventionellen Batteriespeicher, für welchen neue Batterien produziert werden müssten, bis zu 1t CO 2 , 3 MWh Energie und 50 kg an Ressourcen eingespart werden (vgl. Emilsson et al., Lithium-Ion Vehicle Battery Production, 2019) , 3 MWh Energie und 50 kg an Ressourcen eingespart werden (vgl. Emilsson et al , Lithium-Ion Vehicle Battery Production , 2019 ) Zunächst gewährleisten wir die Sicherheit auf Zellebene der verbauten Batteriemodule, indem wir diese unserem Batterieprüfverfahren untersetzen und entsprechend für die 2nd Life-Nutzung aufbereiten Das Testverfahren orientiert sich an der UN 38.3 und erfüllt somit alle Anforderungen an 2nd Life-Batterien. Zudem erfüllen unsere Speichersysteme den Stand der Technik an l eitfäden, -r ichtlinien sowie – ormen und sind mit der europäischen CE-Konformität gekennzeichnet. Der Batteriespeicher überwacht eigenständig den Gesundheitszustand seiner Batterien. Sollte hierbei eine Unregelmäßigkeit entdeckt werden, entscheidet der Batteriespeicher intelligent über weitere Maßnahmen. In der Regel werden Mitarbeiter unseres Serviceteams verständigt, welche das Problem direkt über die Fernwart ungs funktion beheben. Bei gravierenden Störungen kann der Batteriespeicher die Batterien eigenständig vom Netz trennen und benachrichtigt sowohl unser Serviceteam als auch den Kunden. Sollte eine Wartung vor Ort notwendig sein, kommen unsere Servicemitarbeiter bei Ihnen vorbei und beheben d as Problem. Die Batteriespeicher von können gemeinsam mit allen gängigen PV-Anlagen auf dem Markt genutzt werden. Bestehende Wechselrichter und Solarsteuerungen können dabei in das System integriert werden. J e de vorhandene Wallbox kann durch den Batteriespeicher gespeist werden. Aktuell liefert und betreibt die Batteriespeicher aussch ießlich in Deutschland und Österreich. In Zukunft wollen wir jedoch unser Angebot auf weitere europäische Staaten erweitern. Kunden unseres Batteriespeichers können dessen Ladestatus, sowie weitere nützliche Informationen direkt über unsere Web- App abrufen. Aktuell arbeiten wir daran, diese Informationen auch in einer eigenen Smartphone-App sowie für gängige SmartHome-Lösungen anzubieten. Der Voltfang Industrial besteht aus zwei Hauptkomponenten, dem externen Wechselrichter und dem Batterieschrank. Der Wechselrichter ist im Preis enthalten und wird in der Nähe des Batterieschranks an eine Wand montiert. Er kann unabhängig des Batterieschranks konfiguriert werden und ist daher an das Kundenbedürfnis perfekt anpassbar. Der Batterieschrank beinhaltet die Batterie-Management-Unit (Steuerung) und die Batteriemodule. Ja, die Kapazität kann jederzeit erweitert werden. Hierbei können zusätzliche Module in eine m bestehenden Batteries chrank ergänzt werden oder ein weiterer Batterieschrank hinzugestellt werden."
https://voltfang.de/kontakt/,10/23/2023 16:25,"Nehmen Sie mit uns Kontakt auf Kontakt Voltfang GmbH Grüner Weg 37, 52070 Aachen +49 2405 6457880 hello@voltfang.de"
https://voltfang.de/agb/,10/23/2023 16:25,Allgemeine Geschäftsbedingungen und Widerruf AGB Im Folgenden finden Sie unsere Allgemeinen Geschäftsbedingungen und die Widerrufsformulare.
https://voltfang.de/unternehmen/presse/,10/23/2023 16:25,"Alles rund um Voltfang Sie werden weitergeleitet an den richtigen Ansprechpartner Kontaktformular Presse Hier finden Sie aktuelle Pressemitteilungen, Bildmaterial und weiteren Content direkt zum Download – Kurz: Alle wichtigen Infos, die es braucht, um der Welt von uns zu erzählen! Voltfang GmbH Grüner Weg 37, 52062 Aachen +49 2405 6457880 hello@voltfang.de LinkedIn Freunde / Bekannte Website Podcast / Radio TV Message Chat Question Support 1 Sonstige Voltfang verpflichtet sich, Ihre Privatsphäre zu schützen und zu respektieren. Wir verwenden Ihre persönlichen Daten nur zur Verwaltung Ihres Kontos und zur Bereitstellung der von Ihnen angeforderten Produkte und Dienstleistungen. Von Zeit zu Zeit möchten wir Sie über unsere Produkte und Dienstleistungen sowie andere Inhalte, die für Sie von Interesse sein könnten, informieren. Wenn Sie damit einverstanden sind, haken Sie gerne folgendes Kästchen ab: Einwilligung zur Kontaktaufnahme* Sie können diese Benachrichtigungen jederzeit abbestellen. Weitere Informationen zum Abbestellen, zu unseren Datenschutzverfahren und dazu, wie wir Ihre Privatsphäre schützen und respektieren, finden Sie in unserer Datenschutzrichtlinie. Indem Sie unten auf „Einsenden“ klicken, stimmen Sie zu, dass Voltfang die oben angegebenen persönlichen Daten speichert und verarbeitet, um Ihnen die angeforderten Inhalte bereitzustellen. Einwilligung zur Kontaktaufnahme* Sie können diese Benachrichtigungen jederzeit abbestellen. Weitere Informationen zum Abbestellen, zu unseren Datenschutzverfahren und dazu, wie wir Ihre Privatsphäre schützen und respektieren, finden Sie in unserer Datenschutzrichtlinie."
https://voltfang.de/referenzen/mehrfamilienhaus/,10/23/2023 16:25,"Mehrfamilien- haus Vorteile für das Mehrfamilienhaus Home Projekte Bauunternehmen Mehrfamilienhaus Ein Mehrfamilienhaus aus den 1960er Jahren wird zum Vorzeigebeispiel nachhaltigen Wohnens. Mit einer 21,5 kWp Solaranlage und einem Voltfang Batteriespeicher veranschaulicht es, wie zeitgemäßes, autarkes und energieeffizientes Wohnen gestaltet werden kann. Steckbrief Mehrfamilienhaus „Dieses Haus eröffnet allen Bewohnern die Möglichkeit, von der Energiewende vor Ort zu profitieren. Es liefert nicht nur Energie für den Eigenbedarf, sondern speist sogar Überschuss ins Netz.“ – Jan Wollesen In dieser modernen Wohneinheit wurde der Eigenverbrauch optimiert, um die Energieeffizienz zu steigern. Mithilfe unseres fortschrittlichen Energiemanagementsystems wurde sichergestellt, dass der erzeugte Strom aus einer 21,5 kWp Photovoltaikanlage effizient für den Eigenbedarf genutzt wurde. Auf diese Weise wurden die Energiekosten gesenkt und ein Beitrag zur Nachhaltigkeit geleistet. Das Projekt im Mehrfamilienhaus hatte das Ziel, die Energieeffizienz zu steigern, insbesondere durch die Optimierung des Eigenverbrauchs. Ein Energiemanagementsystem sorgt dafür, dass der erzeugte Strom effizient für den Eigenbedarf genutzt wird. Das Haus wurde gemäß KfW-40-EE-Standard errichtet, für eine noch nachhaltigere Energiebilanz. Der Industrial Batteriespeicher wurde mit einer Kapazität von 33 kWh und einer Leistung von 30 kW ausgeliefert. Der Speicher hat eine Größe von 2100 x 800 x 600 mm und ist mit passenden Wechselrichtern ausgestattet, um eine effiziente Stromumwandlung zu gewährleisten. 2100 x 800 x 060 mm Das Mehrfamilienhaus in Lippstadt, das von Grund auf saniert wird, setzt mit seinem nachhaltigen Energiekonzept einen wegweisenden Standard für zukünftige Wohnprojekte. Bauingenieur bei Viesmann: Jan Wollesen Immobilien/Wohnungsbau mit KfW 40 EE"
https://voltfang.de/referenzen/hotel-zur-post-3/,10/23/2023 16:25,"Das Hotel zur Post in Steimbke Vorteile für das Hotel zu Post Home Projekte Hotel zur Post Das Hotel zur Post in Steimbke ist ein kleines, gemütliches Privathotel mit insgesamt 14 Zimmern. Seit Juni 2014 betreibt es Sven Meier in familiärer Atmosphäre und mit viel Liebe zum Detail. Steckbrief zum Hotel zur Post Das Hotel zur Post hat dank der Nutzung unseres Gewerbespeichers unschlagbare Vorteile erzielt. Durch die Optimierung des Eigenverbrauchs kann der selbst produzierte Solarstrom nun vor Ort gespeichert werden, was dem Hotel eine Unabhängigkeit von teurem Netzstrom ermöglicht. Dadurch konnte das Hotel zur Post auf eine nachhaltige und kosteneffiziente Energieversorgung umsteigen. Um Heizkosten zu sparen, läuft im Hotel ein gasbetriebenes Blockheizkraftwerk (BHKW). Den überschüssig produzierten BHKW-Strom, musste Sven bisher zu einem niedrigen Preis einspeisen und später teurer wieder einkaufen. Aus diesem Grund hat Sven eine PV-Anlage in Kombination mit einem Voltfang Batteriespeicher bei sich installiert, was ihm ermöglicht, mehr des selbst produzierten Stroms für seine Gäste zu nutzen. Der Industrial Stromspeicher für das Hotel zur Post wurde mit einer Kapazität von 24 kWh und einer Leistung von 12 kW gebaut. Das Gerät hat eine Größe von 2000 x 400 x 800 mm und ist mit passenden Wechselrichtern ausgestattet, um eine effiziente Stromumwandlung zu gewährleisten. Vorgänger-version 24 kWh 12 kW Im Rahmen dieses Projekts wurde der Voltfang Industrial in einer geringen Kapazität ausgeliefert, die derzeit nicht mehr verfügbar ist. Betreiber Sven Meier Mittelstand/KMU, Gastgewerbe Gastronomie, Tourismus"
https://voltfang.de/referenzen/mcdonalds/,10/23/2023 16:25,"Nachhaltiger Strom für McDonald’s Vorteile für McDonald's Home Projekte Gastgewerbe McDonalds Die McDonald’s Filiale in Pombal, Portugal, setzt ab sofort auf grüne Energie. Durch die gezielte Kappung von Lastspitzen wird eine optimale Stromnutzung sichergestellt. In nur vier Monaten wurden über 70.000 kWh erneuerbarer Energie produziert – genug, um 60 % des Energiebedarfs der Filiale zu decken. Dieses Projekt zeigt eindrucksvoll, wie große Unternehmen wie McDonald’s zunehmend in Richtung nachhaltiger Stromversorgung gehen und dabei auf bewährte Lösungen von Voltfang setzen. Steckbrief zur McDonald’s Filiale Umgesetzter Anwendungsfall Die McDonald’s Filiale profitiert in vielerlei Hinsicht von unserem nachhaltigen Gewerbespeicher. Insbesondere werden Lastspitzen während des Tagesbetriebs bei McDonald’s, von 7-10 Uhr und 18-21 Uhr, effektiv gekappt. Diese maßgeschneiderte Lösung ermöglicht es McDonald’s, unabhängiger von teurem Netzstrom zu werden und eine nachhaltige, kosteneffiziente Energieversorgung sicherzustellen. Die Filiale setzet sich das Ziel, ihre Energieunabhängigkeit zu erhöhen, indem sie eine Voltfang Industrial-Batterie zusammen mit Photovoltaikanlagen einsetzte. Gleichzeitig wurde eine nachhaltigere Energieversorgung angestrebt, indem Second-Life-Batterien aus Elektrofahrzeugen genutzt wurden. Dies senkte Betriebskosten und reduzierte den ökologischen Fußabdruck. Das Ergebnis war die Produktion von über 70.000 kWh erneuerbarer Energie in nur vier Monaten, was 60 % des Energiebedarfs der Filiale entspricht. Dies verdeutlicht McDonald’s Engagement für Nachhaltigkeit und Effizienz in seinen Betriebsabläufen und zeigt das Potenzial erneuerbarer Energien in der Gastronomie. Der von McDonald’s genutzte Industrial Gewerbespeicher wurde mit einer Kapazität von 33 kWh und einer Leistung von 30 kW geliefert. Das Gerät hat kompakte Abmessungen von 2000 x 600 x 800 mm und ist mit hochwertigen Kaco-Wechselrichtern ausgestattet, um eine effiziente Stromumwandlung sicherzustellen. 30 kW 2000 x 600 x 800 mm McDonald’s setzt mit seinem nachhaltigen Energiekonzept einen wegweisenden Standard für zukünftige Unternehmen in der Systemgastronomie. Filiale in Pombal, Portugal Systemgastronomie"
https://voltfang.de/referenzen/aldi-nord-guetersloh/,10/23/2023 16:25,"ALDI Nord Filiale Gütersloh Vorteile für ALDI Nord Unser Gewerbespeicher Home Projekte Landwirtschaft Aldi Nord Referenzprojekt Mit über 2.200 Filialen und 38.000 Mitarbeiter:innen ist ALDI Nord eine der größten Einzelhandelsketten der Welt. In Ihrer Musterfiliale in Gütersloh setzt ALDI auf ein ganzahltiges und nachhaltiges Konzept. Steckbrief ALDI Nord „Wir waren von der Idee und vom Geschäftsmodell von Voltfang sofort begeistert. Gemeinsam mit dem Startup haben wir in den vergangenen Wochen und Monaten die Anwendungsmöglichkeiten in unseren Filialen ausgelotet. Nun sind wir gespannt auf die ersten Ergebnisse der Pilotphase.“ -Norman Bell Umgesetzte Anwendungsfälle Aldi Nord setzt auf Lastspitzenkappung, um die Energiekosten in seinen Filialen zu senken. Durch die Eigenverbrauchsoptimierung kann der Strom aus den Photovoltaikanlagen der Filialen effektiv genutzt werden. Multi-use-Anwendungen, wie z.B. die Kombination von Stromspeichern mit Ladestationen für Elektrofahrzeuge, tragen zu einer noch effizienteren Nutzung der Energie bei. Ziel des Projektes Das Projekt von Aldi Nord hatte das Ziel, den Energieverbrauch in der ausgewählten Filiale zu reduzieren und die Energieeffizienz zu verbessern. Dazu wurde ein Energiemanagementsystem implementiert, welches mehrere Anwendungsfälle beinhaltet, wie zum Beispiel die Lastspitzenkappung und die Eigenverbrauchsoptimierung. Unsere angepasste Lösung Der Industrial Stromspeicher für ALDI Nord Filiale in Gütersloh wurde mit einer Kapazität von 33 kWh und einer Leistung von 18 kW gebaut. Das Gerät hat eine Größe von 2000 x 400 x 800 mm und ist mit passenden Wechselrichtern ausgestattet, um eine effiziente Stromumwandlung zu gewährleisten. 33 kWh 18 kW Maße 2000 x 400 x 800 mm Die Aldi-Filiale in Gütersloh setzt mit ihrem nachhaltigen Stromversorgungskonzept einen wegweisenden Standard für zukünftige Supermarkt-Filialen. Weitere Referenzprojekte Im Folgenden präsentieren wir weitere Referenzprojekte, in denen ein Voltfang Stromspeicher implementiert wurde. Diese Projekte können eine Vielzahl von Anwendungen und Branchen, darunter Gastgewerbe, Landwirtschaft, Bäckereien und Supermärkte beinhalten. Projektmanager: Norman Bell Mittelstand/KMU, Lebensmittelhandel"
https://voltfang.de/ueber-uns/karriere/,10/23/2023 16:25,"Werde ein Teil der Voltfam. Wer wir sind Wir sind nicht nur ein irgendein Team, wir sind die Voltfam. Die Voltfam. hat sich zum Ziel gesetzt, die Verkehrs- und Energiewende in Europa nachhaltig zu gestalten. Mit unserem Handeln und Know-how versuchen wir einen Wandel in unserer Gesellschaft zu erreichen und stetig neuen Mehrwert zu schaffen. Außerdem sind wir auch ein interkulturelles, kreatives, lustiges und motiviertes Team! Unsere Mission ist es, andere Menschen dazu zu motivieren, die Zukunft mitzugestalten und sie von unserer Vision zu begeistern. Ziel ist es mit, innovativen und technologischen Ansätzen eine grünere und nachhaltigere Umwelt zu schaffen, denn anstatt uns von der aktuellen Klimakrise abschrecken zu lassen, wollen wir sie bewältigen. Es ist noch nicht zu spät, unsere Gesellschaft und unsere Verhaltensweisen so zu verändern, dass ein Ökosystem, in dem Menschen und Natur koexistieren und voneinander profitieren können, umsetzbar ist. Unsere Prinzipien „Gebt mir einen Hebel, der lang genug, und einen Angelpunkt, der stark genug ist, dann kann ich die Welt mit einer Hand bewegen.“ ―Archimedes Richtlinien zu deinem Praktikum Wir haben für dich die Richtlinien zu deinem Praktikum von der RWTH zusammengefasst, um sicherzustellen, dass du während deiner Zeit bei uns bestmöglich informiert bist und die nötigen Voraussetzungen für ein erfolgreiches Praktikum erfüllst. Zu den Stellenausschreibungen Mehr über uns Respekt, Toleranz und Offenheit Learning by doing Jeder ist ein Initiator Purpose-driven Praktikum Elektrotechnik (M. Sc.) Praktikum Wirtschaftsingenieurwesen (B. Sc.)"
https://voltfang.de/ueber-uns/nachhaltigkeit/,10/23/2023 16:25,"We are ready for a change. Are you? Erneuerbare Energien sind unerlässlich Retten, aufbrauchen & dann erst recyceln Second Life und New Life Batterien Together we can save energy. Together we can save our future. Die Vorteile Unsere Lösung Fast die Hälfte des durch die Verbrennung fossiler Brennstoffe entstandenen Kohlenstoffs wurde in den letzten drei Jahrzehnten freigesetzt. Dies trägt massiv zum Klimawandel bei und führt dazu, dass die globale Erwärmung kaum noch aufzuhalten ist. Die Energie- und Mobilitätsbranche verursacht mitunter den größten Umweltschaden. Durch die Energiewende steigt die Nachfrage nach endlichen Rohstoffen, die für die Batterieherstellung benötigt werden, rasant. Der Rohstoff Lithium ist nicht nur umweltschädlich, sondern auch gesellschaftlich äußerst problematisch. Lithium wird meist unter sehr schlechten Arbeitsbedingungen in Entwicklungsländern abgebaut, belastet zusätzlich das Grundwasser vor Ort und zerstört unter anderem die Lebensgrundlage für die indigene Bevölkerung in Südamerika. Um den Abbau der Rohstoffe zu verringern müssen wir die bereits bestehenden Materialien wiederverwenden und ihnen eine möglichst lange Lebensdauer geben. Um eine grünere Zukunft für unsere und kommende Generationen zu gestalten, setzen wir auf eine funktionierende Kreislaufwirtschaft. Durch die Wiederverwendung von Batterien vermeiden wir die Erschöpfung endlicher Ressourcen. Aktuell fehlen flächendeckende und effiziente Methoden zur Verwertung von Elektromobilitätsbatterien. Voltfang präsentiert eine nachhaltige Lösung: Unsere 2nd Life und New Life Batterien reduzieren den ökologischen Fußabdruck. Diese aussortierten oder überproduzierten Batterien verfügen in der Regel eine Restkapazität von über 80% und eignen sich ideal für den Einsatz in stationären Speichersystemen, die einen zentralen Beitrag zur nachhaltigen Energiewende leisten. Voltfang hat diese Herausforderung gemeistert und eine umweltfreundliche Lösung entwickelt. Second Life Batterien stammen aus wiederaufbereiteten Batteriemodulen von bekannten deutschen OEMs, die zuvor in Elektroautos eingesetzt wurden. Diese Batterien erhalten durch unseren Batteriespeicher eine zweite Chance. New Life Batterien sind komplett neuwertig und wurden niemals in Fahrzeugen verwendet. Sie stammen beispielsweise aus Überproduktionen oder aufgrund von Herstellerlogistik. Beide Modelle sind nachhaltiger als konventionelle Batteriespeicher, da keine neuen Ressourcen verwendet werden. Um den Klimawandel zu bewältigen, sind erneuerbare Energien unverzichtbar. Trotz ihrer enormen Potenziale haben diese jedoch ihre Herausforderungen, da sie schwankend und unvorhersehbar sind. Deshalb ist es von entscheidender Bedeutung, dass wir über effektive Speichermöglichkeiten verfügen, um überschüssige Energie zu speichern und zu nutzen, wenn wir sie benötigen. Nur durch die Kombination von erneuerbaren Energien und innovativen Speichertechnologien können wir eine kohlenstoffarme Zukunft erreichen und unseren Planeten für zukünftige Generationen bewahren."
https://voltfang.de/partnerportal/login/,10/23/2023 16:25,"Herzlich Willkommen im Voltfang Partnerportal! Sie sind noch kein Fachpartner von Voltfang? Dann melden Sie sich noch heute bei uns an und werden Sie unser Partner! Für die Anmeldung benötigen Sie Ihre Anmeldedaten, die Sie bereits erhalten haben sollten. Alle Rechte vorbehalten Noch kein Partner? Anmelden"
https://voltfang.de/ueber-uns/,10/23/2023 16:25,"Heute die Energie von Morgen Die Zukunft der Batteriespeicher Unsere Batteriespeicher für die Industrie Über uns Für eine nachhaltige Zukunft, sowohl für unsere Generation als auch kommende, ist eine effektive Kreislaufwirtschaft von entscheidender Bedeutung. Wir nutzen wiederaufbereitete und neuwertige Batterien, beispielsweise aus Überproduktionen, anstelle von neuen, um die Ausbeutung endlicher Rohstoffe zu reduzieren. Derzeit gibt es keine flächendeckenden und effizienten Möglichkeiten zur Verwertung von Elektromobilitätsbatterien. Voltfang bietet eine umweltfreundliche Lösung: Unsere Verwendung von Elektrofahrzeugbatterien in Form von 2nd Life und New Life Batterien reduziert den ökologischen Fußabdruck. Diese ausgemusterten oder überproduzierten Batterien weisen in der Regel eine Restkapazität von über 80% oder mehr auf und eignen sich perfekt für die Nutzung in stationären Speichersystemen. Diese sind ein wesentlicher Bestandteil der nachhaltigen Energiewende. Voltfang hat diese Herausforderung gemeistert und eine nachhaltige Lösung geschaffen. Was uns antreibt Momentan gibt es noch keine optimale grüne Energieversorgung, die für den weltweiten Stromverbrauch ausreicht. Wir als Unternehmen können jedoch beeinflussen, wie wir den bereits produzierten Strom nutzen. Deshalb entwickeln wir Batteriespeicher aus E-Autobatterien, um bereits produzierten Strom zu speichern. Hierdurch können unsere Kunden Verluste von überschüssiger Energie vermeiden und den vorhandenen Strom effektiv nutzen. „Die Klimakrise ist ein Rennen, das wir als Menschheit gemeinsam gewinnen müssen. Wir wollen Bewusstsein über das Konsumverhalten unserer Gesellschaft schaffen und nachhaltigere Ansätze bieten.“ – David Oudsandji Gründer Wir bieten Ihnen eine umfassende Beratung und individuelle Speicherprojekte sowie Full-Service-Pakete mit bestmöglicher Verfügbarkeit über die gesamte Nutzungsdauer. Werde auch ein Teil der Voltfam. Bei Voltfang hast du die Chance, neue Skills zu erlernen, eigenständig und eigenverantwortlich zu arbeiten, deine Gedanken offen zu kommunizieren und neue Ansätze und Ideen einzubringen. Warum darauf warten, dass die Politik endlich etwas verändert, wenn du selbst Teil dieser Veränderung sein kannst? Nachhaltigkeit bei Voltfang Roman Alberti - CEO Afshin Doostdar – CTO David Oudsandji – CEO 1 MWh Zur Karriereseite"
https://voltfang.de/projekte/nachhaltige-energieversorgung-fuer-bauunternehmen/,10/23/2023 16:25,"Bauunternehmen in Aachen Was möchten sie mit Voltfang erreichen? Home Projekte Bauunternehmen Bauunternehmen haben oft einen erheblichen Energiebedarf, da Sie für den Betrieb von Baumaschinen, Büros und Lagerhallen eine große Menge an Energie benötigen. Batteriespeicher bieten Bauunternehmen die Möglichkeit, den selbst erzeugten Strom aus erneuerbaren Energiequellen zu speichern und somit ihre Energiekosten zu senken. Vorteile für Bauunternehmen Batteriespeicher ermöglichen Bauunternehmen eine effiziente Nutzung erneuerbarer Energiequellen und eine Reduktion von Netzlastspitzen. Durch die Speicherung von überschüssiger Energie können Bauunternehmen ihre Betriebskosten senken und gleichzeitig nachhaltiger arbeiten. Bei Stromausfällen können die gespeicherten Energiekapazitäten auch als Notstromversorgung genutzt werden. Ein durchschnittliches Bauunternehmen arbeitet teilweise zu unüblichen Zeiten, um Projekte termingerecht abzuschließen. Dabei ist es wichtig, dass es zu keinen Arbeitsunterbrechungen kommt und der Betrieb durch einen zuverlässigen Notstrombetrieb abgesichert ist. Durch eine atypische Netznutzung können Kosten eingespart werden, wobei eine passende Kapazität für einen Batteriespeicher bei 1 MWh liegen könnte. Als Ergänzung für (EVO, LSK, Multi-Use) Häufigste Anwendung Ökonomische Einsparung Für besonders hohen Energieverbrauch zu bestimmten Spitzenzeiten CO2 Einsparung maximieren Lastspitzenkappung und Eigenverbrauchsoptimierung CO2 Einsparung durch 2nd Life Batterien"
https://voltfang.de/partner/,10/23/2023 16:25,"Gemeinsam innovativ in die Zukunft starten Vorteile unseres Partnerprogramms Partnerschaft für die Energiewenden Unsere geschätzten Voltfang Partner Sie sind bereits Voltfang Partner? Partner Programm Sie sind Elektroinstallateur:in, Solarteur:in, Projektentwickler:in oder ein Planungsbüro für Projekte im Bereich Erneuerbare Energie und sind bereit für Veränderung? Unterstützen Sie uns als Partner dabei, dieser stark wachsenden Marktnachfrage zu begegnen und gemeinsam eine klimaneutrale Zukunft zu gestalten! Als Partner von Voltfang profitieren Sie nicht nur von unseren hochwertigen Produkten, sondern auch von unserer langjährigen Erfahrung im Bereich Marketing, Vertrieb und Technik. Wir unterstützen Sie bei allen Fragen rund um unsere Produkte und bieten Ihnen regelmäßige Schulungen und Fortbildungen, um Ihr Wissen stets auf dem neuesten Stand zu halten. Werden Sie Teil unseres Teams und tragen Sie gemeinsam mit uns zur Energiewende bei! Unsere Partner Portal bietet Ihnen die Möglichkeit, von einer breiten Palette an Vorteilen zu profitieren, wie beispielsweise einem einfachen und effizienten Workflow, umfassenden Marketing-Unterstützung, Schulungen und Schulungsmaterialien, die Ihnen helfen, Ihre Fähigkeiten und Ihr Wissen zu verbessern, sowie einem engagierten Support-Team, das Sie bei Fragen oder Problemen unterstützt. Einzigartiges & nachhaltiges Produkt Kurze Lieferzeit für Endkunden Wachsender Markt Technische Expertise Online- & Präsenzschulungen Zum Partner Portal"
https://voltfang.de/projekte/effiziente-energieversorgung-fuer-giessereien/,10/23/2023 16:25,"Vorteile für eine Gießerei Anwendungsfälle in der Gießerei Den passenden Batteriegroßspeicher finden Sie bei uns Home Projekte Gießerei Gießereien weisen durch das Anfahren der Öfen und der Produktion kurzfristig extrem hohe Lastspitzen auf. Mit einem Batteriespeicher können die Lastspitzen punktuell abgefangen werden und die Energie effizienter genutzt werden, was zu einer Reduzierung der Energiekosten führt und Produktionsausfälle vorbeugt. Batteriespeicher sind auch für Gießereien eine attraktive Option, um die Energieeffizienz zu verbessern und erneuerbare Energiequellen zu nutzen. Sie können überschüssige Solarenergie speichern und Netzeinspeisungen reduzieren, was zu Kosteneinsparungen führt. Für eine große Gießerei mit einem Jahresverbrauch von 10.000-20.000 MWh ist eine kontinuierliche Energieversorgung rund um die Uhr unerlässlich. Durch eine atypische Netznutzung kann die Gießerei jedoch zu bestimmten Zeiten erhebliche Kosten einsparen, indem ein passender Batteriespeicher zum Einsatz kommt. Eine Kapazität von 2 MWh eignet sich dafür besonders gut."
https://voltfang.de/projekte/nachhaltiges-gastgewerbe/,10/23/2023 16:25,"Vorteile für ein Gastgewerbe Anwendungsfälle im Gastgewerbe Home Projekte Gastgewerbe Batteriespeicher bieten dem Gastgewerbe die Möglichkeit, unabhängiger von teuren Energielieferanten zu werden und damit nicht nur die eigenen Kosten zu senken, sondern auch einen Beitrag zu den regionalen Klimazielen zu leisten und die Gäste von ihrem nachhaltigem Handeln zu begeistern. Batteriespeicher bieten Hotels eine Möglichkeit, ihre Energieeffizienz zu verbessern, erneuerbare Energiequellen zu nutzen und den Betrieb aufrechtzuerhalten. Die Anwendungsfälle reichen von der Energieversorgung bis hin zur Notstromversorgung. Dadurch können Hotels ihre Nachhaltigkeitsziele erreichen und gleichzeitig wirtschaftliche Vorteile erzielen. Ein Familienhotel mit einem Jahresverbrauch von 30 MWh produziert dank seiner Solaranlage viel Strom. Eine optimale Lösung für eine effektive Nutzung des Solarstroms sowie eine sichere Notstromversorgung bietet ein Batteriespeicher mit einer passenden Kapazität von 33 kWh."
https://voltfang.de/projekte/nachhaltige-landwirtschaft/,10/23/2023 16:25,"Nachhaltige Landwirtschaft Vorteile für die Landwirtschaft Anwendungsfälle in der Landwirtschaft Home Projekte Landwirtschaft Ernten Sie nicht nur Obst und Gemüse, sondern mit Voltfang auch Energie. Batteriespeicher sind für Landwirschaftsbetriebe eine effiziente Möglichkeit, um erzeugte Energie aus erneuerbaren Quellen zu speichern und bei Bedarf abzurufen. Besonders für landwirtschaftliche Betriebe in abgelegenen Gebieten oder mit häufigen Stromausfällen sind Batteriespeicher unverzichtbar. Batteriespeicher bieten Bauernhöfen eine Möglichkeit, ihre Energieeffizienz zu verbessern, erneuerbare Energiequellen zu nutzen und den Betrieb aufrechtzuerhalten. Die Anwendungsfälle reichen von der Speicherung von überschüssiger Solarenergie bis zur Reduktion von Netzeinspeisungen. Auch eine Notstromversorgung kann durch den Einsatz von Batteriespeichern gewährleistet werden. Ein Biobauernhof mit Milchkühen verbraucht jährlich mehr als 80 MWh an Energie, wobei die automatische Melkmaschine jeden Morgen eine besonders hohe Energiemenge benötigt. Dank der großen Menge an Solarstrom kann der Betrieb durch einen passenden Batteriespeichers optimiert werden, wodurch eine hohe Autarkie erreicht wird. Eine passende Kapazität für diesen Zweck könnte 66 kWh betragen. Einspeisung ins Stromnetz speichern gewährleistet werden."
https://voltfang.de/projekte/baeckereien/,10/23/2023 16:25,"In Bäckerein hohe Stromkosten vermeiden Vorteile für eine Bäckerei Anwendungsfälle in einer Bäckerei Home Projekte Bäckerei Erneuerbare Energien und Energieeffizienz sind heute wichtiger denn je. Mit hohen Energiekosten aufgrund des Einsatzes von Backöfen und Kühlanlagen sowie dem Wunsch nach nachhaltigem Wirtschaften, eignen sich Bäckereien ideal für den Einsatz von Batteriespeichern. Batteriespeicher bieten Bäckereien eine Möglichkeit, ihre Energieeffizienz zu verbessern, erneuerbare Energiequellen zu nutzen und den Betrieb aufrechtzuerhalten. Die Anwendungsfälle reichen von der Energieversorgung während Spitzenlastzeiten beim backen bis hin zur Notstromversorgung. Dadurch können Bäckereien ihre Nachhaltigkeitsziele erreichen und gleichzeitig wirtschaftliche Vorteile erzielen. Eine mittelständige Bäckerei mit einem Jahresverbrauch von 510 MWh durch Lastspitzenkappung während des morgendlichen Backens erhebliche Kosten sparen. Mit einem leistungsstarken Gewerbespeicher von 300 kWh können Energieeffizienz und Nachhaltigkeit gesteigert und gleichzeitig wirtschaftliche Vorteile erzielt werden. *NEU* mit New Life Batterien Im Folgenden präsentieren wir einige erfolgreiche Referenzprojekte, die im Bereich Gastgewerbe wieder zufinden sind. Durch die unterschiedlichen Anwendungsfälle kann individuell auf jedes Unternehmen eingegangen werden. Wie wir vorgehen"
https://voltfang.de/projekte/nachhaltiger-supermarkt/,10/23/2023 16:25,"Nachhaltiger Supermarkt Vorteile für einen nachhaltigen Supermarkt Welche Anwendungsfälle sich besonders eigenen Den passenden Gewerbespeicher finden Sie bei uns Passende Referenzprojekte Home Projekte Supermarkt Ein Stromausfall kann in Supermärkten zu großen Problemen führen, da die Kühlanlagen und Beleuchtung ausfallen und es zu Warenverlusten und Umsatzeinbußen kommen kann. Durch die Installation eines Batteriespeichers als Notstromversorgung können Supermärkte diesen Problemen vorbeugen und somit Warenverluste minimieren. Batteriespeicher ermöglichen Supermärkten eine effiziente Nutzung von erneuerbaren Energiequellen und eine Reduktion von Netzlastspitzen. Durch die Speicherung von überschüssiger Energie können Supermärkte ihre Betriebskosten senken und gleichzeitig nachhaltiger wirtschaften. Auch bei Stromausfällen können die gespeicherten Energiekapazitäten als Notstromversorgung genutzt werden. Der Supermarkt von heute muss nicht nur wirtschaftlich, sondern auch nachhaltig sein. Mit einer eigenen Solarenergieerzeugung auf dem Dach kann der Jahresverbrauch von 250 MWh reduziert werden. Ein passender Batteriespeicher ermöglicht es, den Betrieb noch effizienter und umweltfreundlicher zu gestalten und gleichzeitig Kosten zu sparen. Eine ideale Kapazität für diesen Zweck wäre 66 kWh. Senkung der Betriebskosten Verbesserte Energieeffizienz Autarkie erhöhen Positive Wahrnehmung CO2 Einsparung durch 2nd Life / New Life Batterien"
https://voltfang.de/projekte/,10/23/2023 16:25,"Unser Versprechen Auswahl der richtigen Batteriespeicherlösung für Ihr Unternehmen Die Zukunft von Batteriespeicherlösungen für Unternehmen Immer mehr Unternehmen setzen sich für die Verwendung von erneuerbaren Energien ein. Diese Beispielprojekte zeigen, dass es möglich ist, den eigenen Stromverbrauch umweltfreundlicher zu gestalten und dabei auch wirtschaftlich zu agieren. Wie unser Vorgehen verläuft Durch eine Förderung noch weiter sparen In Deutschland gibt es derzeit verschiedene Förderprogramme, die die Installation und Nutzung von Stromspeichern unterstützen. Diese Maßnahmen sollen den Ausbau erneuerbarer Energien und die Integration von Stromspeichern vorantreiben. Das Energiepotenzial von Batteriespeicherlösungen für Unternehmen In Zeiten steigender Energiepreise und wachsendem Umweltbewusstsein ist es für Unternehmen immer wichtiger, nachhaltige und effiziente Lösungen für die Stromspeicherung zu finden. Batteriespeichersysteme eröffnen hier ein enormes Potenzial. Mit der Möglichkeit, überschüssige Energie aufzuzeichnen und bei Bedarf wieder abzugeben, bieten Batteriespeicher Unternehmen die Chance, ihre Energiekosten zu senken und gleichzeitig einen Beitrag zum Umweltschutz zu leisten. Dabei können die Speicherlösungen sowohl für kleine als auch große Unternehmen von Vorteil sein. Die Technologie hinter Batteriespeichern entwickelt sich schnell weiter und bietet immer effizientere Lösungen, die zudem immer weiter bezahlbar werden. Durch die Integration von erneuerbaren Energien in den Strommix können Unternehmen nicht nur von günstigeren Tarifen profitieren, sondern auch von staatlichen Förderungen. Die Vorteile von Batteriespeichern für Unternehmen sind vielfältig und sollten nicht außer Acht gelassen werden. Sie bieten nicht nur eine effiziente Möglichkeit, Energie zu speichern, sondern können auch als Backup-Lösung während Stromausfällen dienen. Unternehmen, die auf Nachhaltigkeit und Kosteneinsparungen abzielen, sollten daher die Möglichkeiten von Batteriespeichern genauer in Betracht ziehen. Die Auswahl der richtigen Batteriespeicherlösung ist ein entscheidender Schritt für Unternehmen. Es gibt mehrere Faktoren zu berücksichtigen, darunter die Wir von Voltfang beraten Sie gerne, um maßgeschneiderte Lösungen zu erhalten, die den spezifischen Anforderungen Ihres Unternehmens entsprechen. Die Zukunft von Batteriespeicherlösungen für Unternehmen ist vielversprechend. Die Technologie entwickelt sich weiterhin schnell, was zu immer effizienteren und kostengünstigeren Lösungen führt. Darüber hinaus wird erwartet, dass sich die Integration von Batteriespeicherlösungen in das Stromnetz weiter verbessert. Durch die Vernetzung von dezentralen Batteriespeichern können Unternehmen ihren überschüssigen Strom direkt an andere Benutzer verkaufen oder in das öffentliche Netz einspeisen. Förderung 2023 in Deutschland staatlichen Förderungen. Batteriespeicherlösung Kostenloses Angebot erhalten"
https://voltfang.de/anwendungen/notstrombetrieb-fuer-zuverlaessige-energieabsicherung/,10/23/2023 16:25,"Stromausfälle problemlos überbrücken Was ist ein Notstrombetrieb? Vorteile eines Notstrombetriebs Bei welchen Unternehmen ein Notstrombetrieb sinnvoll ist Referenzprojekte mit einem Notstrombetrieb Home Anwendungen Notstrombetrieb Ein Notstrombetrieb ist ein wahrer Lebensretter in jeder Situation! Unternehmen können sich darauf verlassen, dass Sie auch bei Stromausfällen und anderen unvorhergesehenen Ereignissen nicht im Dunkeln stehen. Und das Beste daran? Die Geschäftskontinuität wird dabei gewährleistet! Ein Notstrombetrieb bezeichnet die Bereitstellung von Stromversorgung in Situationen, in denen die öffentliche Stromversorgung ausfällt. Unternehmen können mithilfe von Notstromsystemen ihre Geschäftskontinuität gewährleisten und auch in kritischen Situationen reibungslos weiterarbeiten. Dabei können verschiedene Technologien zum Einsatz kommen, wie z.B. Diesel-Generatoren oder Akku-Speichersysteme. Wichtig ist, dass das Notstromsystem regelmäßig gewartet und geprüft wird, um im Ernstfall zuverlässig zu funktionieren. Insbesondere Unternehmen, die auf eine zuverlässige Stromversorgung angewiesen sind, wie beispielsweise Rechenzentren, Krankenhäuser, Produktionsbetriebe und Supermärkte, sind von einem Notstrombetrieb betroffen. Aber auch Unternehmen, die keine Ausfälle in der Stromversorgung riskieren möchten, können von einem Notstrombetrieb profitieren. Im Folgenden präsentieren wir einige erfolgreiche Referenzprojekte, in denen ein Notstrombetrieb implementiert wurde."
https://voltfang.de/anwendungen/virtuelles-kraftwerk-vernetzung-von-erneuerbaren-energien/,10/23/2023 16:25,"Die dezentrale Energieversorgung Was ist ein virtuelles Kraftwerk? Vorteile eines virtuellen Kraftwerks Bei welchen Unternehmen ein virtuelles Kraftwerk sinnvoll ist Home Anwendungen Virtuelles Kraftwerk Mit einem virtuellen Kraftwerk kann ein Unternehmen endlich die Kontrolle über seine Stromversorgung zurückgewinnen! Durch die Integration von Stromerzeugungs- und Verbrauchseinheiten in das virtuelle Kraftwerk können Unternehmen von den Vorteilen der Netzstabilisierung und der effizienteren Integration erneuerbarer Energien profitieren. Ein virtuelles Kraftwerk ist ein System, das aus einer Vielzahl von dezentralen Stromerzeugern und -verbrauchern besteht und über ein gemeinsames Leitsystem gesteuert wird. Durch die Koordination der einzelnen Einheiten kann das virtuelle Kraftwerk als Gesamteinheit agieren und flexibel auf Schwankungen im Stromnetz reagieren. Dies ermöglicht eine effiziente Integration erneuerbarer Energien und eine Stabilisierung des Stromnetzes. Ein virtuelles Kraftwerk eignet sich insbesondere für Unternehmen mit dezentralen Erzeugungsanlagen, wie zum Beispiel Solaranlagen oder Blockheizkraftwerken. Auch Unternehmen, die über eine hohe Flexibilität in ihrem Energieverbrauch verfügen, können vom Einsatz eines virtuellen Kraftwerks profitieren. Dies ist zum Beispiel bei produzierenden Betrieben der Fall, bei denen die Produktion auf den zeitlichen Verlauf der Stromproduktion und -verfügbarkeit angepasst werden kann."
https://voltfang.de/anwendungen/multi-use-anwendungen-fuer-flexible-energieverwendung/,10/23/2023 16:25,"Multi-use In der Vielfalt liegt die Power Was ist ein Multi-use Anwendungsfall? Vorteile von einem Multi-use Bei welchen Unternehmen ein Multi-use sinnvoll ist Referenzprojekte mit einem Multi-use Home Anwendungen Multi-Use Ein Multi-Use-System bietet Unternehmen eine vielversprechende Lösung: Energie kann effizienter genutzt werden, Kosten werden gesenkt und die Umwelt geschont. Zudem trägt das System zur Stabilität der Stromversorgung bei, indem überschüssiger Strom aus erneuerbaren Energien gepuffert wird. Multi-Use ist ein Konzept oder eine Eigenschaft, die sich auf die vielseitige Nutzung von etwas bezieht. In Bezug auf Energiespeichersysteme, wie zum Beispiel Batteriespeicher, bedeutet Multi-Use, dass ein System für verschiedene Anwendungen und Zwecke eingesetzt werden kann, wie zum Beispiel für Notstromversorgung, netzunabhängige Stromversorgung oder als Ladeinfrastruktur für Elektrofahrzeuge. Ein Multi-Use-System bietet somit mehr Flexibilität und Nutzen für den Anwender. Der Multi-Use-Anwendungsfall für Batteriespeicher bietet eine Vielzahl von Möglichkeiten zur Nutzung der gespeicherten Energie. Unternehmen können den Batteriespeicher nicht nur zur Eigenverbrauchsoptimierung nutzen, sondern auch für Lastspitzenmanagement, Netzdienstleistungen oder als Notstromversorgung. Durch die Flexibilität des Multi-Use-Ansatzes können Unternehmen die Vorteile eines Batteriespeichers maximieren und ihre Energieeffizienz verbessern, indem Sie die gespeicherte Energie für verschiedene Zwecke einsetzen. Dies ermöglicht eine optimierte Nutzung der Energie und trägt zur Kosteneinsparung und zur Stabilisierung des Stromnetzes bei. Im Folgenden präsentieren wir einige erfolgreiche Referenzprojekte, in denen ein Multi-use implementiert wurde. Diese Projekte können eine Vielzahl von Anwendungen und Branchen, darunter Gastgewerbe, Landwirtschaft, Bäckereien und Supermärkte beinhalten."
https://voltfang.de/anwendungen/atypischen-netznutzung-durchgehend-volle-leistung/,10/23/2023 16:25,"Durchgehend volle Leistung Was ist eine Atypische Netznutzung? Vorteile einer Atypischen Netznutzung Bei welchen Unternehmen eine Atypische Netznutzung sinnvoll ist Home Anwendungen Atypische Netznutzung Bei Atypischer Netznutzung bieten sich Batteriespeicher an, um die Belastung des Stromnetzes in Zeiten hoher Nachfrage zu reduzieren. Batteriespeicher können dazu beitragen, den Bedarf an zusätzlichen Stromquellen wie fossil befeuerten Kraftwerken zu reduzieren, indem Sie überschüssige Energie, die in Zeiten geringer Nachfrage erzeugt wird, speichern und in Zeiten hoher Nachfrage wieder abgeben. Eine Atypische Netznutzung kann auftreten, wenn ein Gewerbebetrieb unerwartet viel Strom verbraucht oder wenn der Stromverbrauch außerhalb der üblichen Betriebszeiten stark ansteigt, was zu einer ungewöhnlichen Belastung des Stromnetzes führen kann. Der Einsatz eines Batteriespeichers kann als Teil einer dezentralen Energieversorgung dienen, in dem kleine und mittlere Unternehmen ihren eigenen Strom erzeugen und in Batteriespeichern für den späteren Verbrauch speichern können. Durch diese Art der Energieversorgung können Sie nicht nur ihre Stromrechnung senken, sondern auch dazu beitragen, das Stromnetz in Zeiten hoher Nachfrage zu entlasten und das Risiko von Stromausfällen zu minimieren. Atypische Netznutzung eignet sich für Unternehmen mit hohem Energiebedarf wie Industrieunternehmen und große Gewerbeimmobilien als auch Einkaufszentren und Messehallen. Auch landwirtschaftliche Betriebe und IT- und Rechenzentren können davon profitieren. Unternehmen mit einem hohen Anteil erneuerbarer Energien in ihrer Energieversorgung können durch eine Atypische Netznutzung eine effizientere Integration erreichen."
https://voltfang.de/anwendungen/lastspitzenkappung-vermeidbare-kosten-senken/,10/23/2023 16:25,"Vermeidbare Kosten senken Was ist eine Lastspitzenkappung? Vorteile einer Lastspitzenkappung Bei welchen Unternehmen eine Lastspitzenkappung sinnvoll ist Referenzprojekte mit einer Lastspitzenkappung Home Anwendungen Lastspitzenkappung Um Kosten zu senken, sollten Unternehmen teurere Tarife vermeiden und Lastspitzen über RLM effizient kappen, um die Speicherausnutzung zu optimieren. Dadurch können Investitionen schneller amortisiert und Betriebskosten gesenkt werden. Wenn ein Unternehmen zu bestimmten Stoßzeiten eine große Menge Strom verbraucht, zum Beispiel durch das Hochfahren mehrerer Maschinen, entsteht eine erhöhte Belastung des Stromnetzes. Diese Höchstbelastung bezeichnet man als „Lastspitze” oder auch „Peak”. Das Problem: Jede Lastspitze schlägt sich teuer in der Stromrechnung nieder. Das liegt daran, dass Stromversorger neben dem generellen Arbeitspreis einen Leistungspreis ermitteln, in den die Spitzen einfließen – selbst wenn die Leistung nur kurz abgerufen wird. Somit kann ein einziger Tag mit erhöhtem Energieverbrauch die Kosten für die gesamte Abrechnungsperiode in die Höhe treiben. Warum ist das wichtig? Bei einem Jahresverbrauch von über 100.000 kWh berechnet der Energieversorger einen Arbeits- und einen Leistungspreis. Der Leistungspreis richtet sich nach der höchsten Strommenge, die innerhalb von 15-Minuten-Intervallen benötigt wird. Überschreiten Sie diese nur einmal, wird der Preis für das ganze Jahr erhöht. Eine Lastspitzenkappung mit einem Batteriespeicher kann für Unternehmen sinnvoll sein, die einen hohen Energiebedarf haben und bei denen es zu Lastspitzen im Stromverbrauch kommt. Insbesondere Unternehmen, die energieintensive Prozesse wie Schweißen oder Kühlen durchführen oder in der produzierenden Industrie tätig sind, können von einer Lastspitzenkappung mit einem Batteriespeicher profitieren. Auch in der Landwirtschaft, bei Rechenzentren und Supermärkten kann eine Lastspitzenkappung sinnvoll sein. Voltfang Batteriespeicher sind darauf optimiert hohe Kosten zu vermeiden. Sie steuern den Stromverbrauch so, dass bei Lastspitzen der Strom direkt aus dem Speicher kommt, nicht aus dem Netz. Das verhindert die teurere Tarifeinstufung und senkt die Betriebskosten. Voltfang Batteriespeicher verhindern hohe Kosten. Sie steuern den Stromverbrauch so, dass bei Lastspitzen der Strom direkt aus dem Speicher kommt, nicht aus dem Netz. Das verhindert die teurere Tarifeinstufung und senkt die Betriebskosten."
https://voltfang.de/batteriespeicher-industrie/gewerbespeicher/,10/23/2023 16:25,"Die ersten nachhaltigen Gewerbespeicher Gewerbespeicher für maximale Unabhängigkeit Voltfang Industrial Voltfang industrial Outdoor Unsere passenden Referenzprojekte Wenn Sie doch mehr Kapazität benötigen Voltfang Industrial & Industrial Outdoor Mehrfamilienhaus McDonalds Ob im Einzelhandel, in Autohäuser, in der Landwirtschaft, im Hotelgewerbe oder in Ladeparks. Sobald es um erneuerbare Energien, steigende Strompreise, Netzstabilität oder einen hohen Energieverbrauch geht, werden Gewerbespeicher für Unternehmen interessant. Dabei ist es ganz gleich, ob der Strom auf dem eigenen Dach produziert wird oder man ihn vom Stromnetz bezieht – unsere nachhaltigen Gewerbespeicher sind eine Allround-Lösung, um Strom effizient zwischen zu speichern. Effizienter Einsatz mit unserem Gewerbespeicher Dank des modularen Aufbaus unserer Gewerbespeicher können wir eine Vielzahl von Anwendungsfällen abdecken. Lastspitzenkappung, Eigenverbrauchsoptimierung, Multi-Use-Funktionen, azyklische Netznutzung und Notstrombetrieb sind nur einige der Möglichkeiten. Wir arbeiten eng mit Ihnen zusammen, um die perfekte Lösung für Ihre individuellen Anforderungen zu finden und Ihnen eine kosteneffiziente und nachhaltige Energieversorgung zu bieten. Unser Gewerbespeicher wurde bereits in zahlreichen unterschiedlichen Projekten erfolgreich umgesetzt und für jeden Anwendungsfall angepasst. Hier finden Sie einen Auszug der Projekte. Zertifizierte Sicherheit Garantierte Langlebigkeit Erweiterbar bis 1,74 MWh Neuwertige Batteriemodule aus Überproduktionen von OEMs 45 kWh nutzbare Kapazität für Spitzenleistung Unverbindliches Angebot anfordern Vormontiert und flexibel aufstellbar Gleiche New Life Batterietechnologie wie beim Voltfang Industrial Erweiterbar bis 928 kWh Höchste Energieeffizienz im Outdoor-Segment 21,5 kWp Solaranlage KfW 40 EE Wohnungsbau 100% Autark Zusätzlich Einspeisung ins Netz Vorreiter Grüner Stromversorgung Seit 2020: 100% Ökostrom aus Wasserkraft genutzt"
https://voltfang.de/batteriespeicher-industrie/,10/23/2023 16:25,"Unsere grünen Batteriespeicher für die Industrie Leistungsstark & nachhaltig Grüne Batteriespeicher angepasst an die Industrie und das Gewerbe Leistungsstark, sicher & wirtschaftlich Um sich unabhängig von steigenden Strompreisen zu machen, die Verfügbarkeit von erneuerbare Energien jederzeit zu ermöglichen und ständige Versorgungssicherheit zu gewährleisten sind unsere Speichersysteme die ideale Ergänzung für Ihr Unternehmen. Der Voltfang Batteriespeicher ist von einer Mindestgröße von 58 kWh bis hin zu 25,75 MWh einfach skalierbar, wodurch die ideale Größe sowohl für KMUs als auch Industriekunden gegeben ist. New Life jetzt verfügbar Der modular erweiterbare Voltfang Industrial und Industrial Outdoor ist mit 58 kWh bis 1,74 MWh das Arbeitstier unter den grünen Batteriespeichern. Erhöhen Sie den Eigenverbrauch, verstärken Sie Ihre Ladeinfrastruktur oder reduzieren Sie teure Lastspitzen. 10 Jahre Garantie Jetztlieferbar! Unser Battery Block bietet ab 1,288 MWh ein nahezu unbegrenztes Spektrum an Speicherleistungen. Dies ermöglicht zuverlässige Quartierspeicher, nachhaltige Versorgungsalternativen für Ihr Unternehmen oder einem eigenen Ladepark für Ihr E-Fahrzeug. Wirtschaftlichkeit Sicherheitskonzept Von Anfang bin Ende – Sicherheit steht an oberster Stelle Langlebigkeitsgarantie Performance für die Ewigkeit Unser Double-Pack-Ansatz optimiert die Batterielebensdauer in effizienter Weise, indem er das Verhältnis zwischen Brutto- und Nettokapazität anpasst und die zyklische Alterung erheblich reduziert. Dies resultiert in einer deutlich längeren Batterielebensdauer und finanziellen Vorteilen. Unsere Batteriemodule, insbesondere Second Life Batterien, profitieren von diesem bewährten Konzept. Bei New Life Batterien erfolgt eine leichte Reduzierung der Kapazität um 10-20%, um die Lebensdauer maximal zu steigern. Durch diesen Ansatz ermöglichen wir den Betrieb der Batterie im unteren Spannungsbereich, was zu einer spürbaren Reduzierung der zyklischen Alterung (Lithium-Platings) führt. Dies bietet eine nachhaltige, sicherere und wirtschaftlich attraktive Lösung für Batterien. Gesamtpaket Unsere Batteriespeicher sind mit einem innovativen Energiemanagementsystem ausgestattet, mit dem sich alle Energieflüsse erfassen, steuern und überwachen lassen. Angebot einholen Stromanalyse erhalten"
https://voltfang.de/batteriespeicher-industrie/batteriegrossspeicher/,10/23/2023 16:25,"Unser Batteriegroßspeicher für Unternehmen Ihre Energie, unsere Lösung Mehr Energie, mehr Flexibilität, mehr Unabhängigkeit Effizienter Einsatz mit unserem Batteriegroßspeicher Mehr für Ihr Geld – unsere Garantie Alle wichtigen Daten auf einen Blick Wenn Sie doch weniger Kapazität benötigen Battery Block Flexibilität, Modularität und Leistungsfähigkeit sind entscheidende Faktoren, wenn es um die Wahl des richtigen Batteriegroßspeichers für Unternehmen geht. Unser Batteriegroßspeicher ist genau auf diese Anforderungen ausgerichtet und bieten Ihnen maximale Flexibilität, um den Speicher perfekt auf Ihre individuellen Bedürfnisse anzupassen. Mit unserer kompromisslosen Leistungsfähigkeit können Sie sicher sein, dass Sie jederzeit eine sichere und effiziente Energieversorgung für Ihr Unternehmen haben werden. Dank des modularen Aufbaus unserer Batteriegroßspeicher können wir eine Vielzahl von Anwendungsfällen abdecken. Lastspitzenkappung, Eigenverbrauchsoptimierung, Multi-Use-Funktionen, azyklische Netznutzung und virtuelles Kraftwerk sind nur einige der Möglichkeiten. Wir arbeiten eng mit Ihnen zusammen, um die perfekte Lösung für Ihre individuellen Anforderungen zu finden und Ihnen eine kosteneffiziente und nachhaltige Energieversorgung mit unserem Batteriegroßspeicher zu bieten. Unsere grünen Batteriespeicher bieten Ihnen eine unschlagbare Kombination aus Kosteneffizienz und langfristigen Vorteilen. Im Gegensatz zu herkömmlichen Speichern, garantieren wir 5.000 Ladezyklen. Dank unseres innovativen Double-Pack-Ansatzes verlängert sich die Lebensdauer auf 15-20 Jahre – für nachhaltige Energieeffizienz. Unser technisches Datenblatt enthält detaillierte Informationen zu unserem Batteriegroßspeicher, die Ihnen bei der Entscheidungsfindung helfen können. Sollten Sie jedoch spezifische Fragen haben oder weitere Informationen benötigen, stehen wir Ihnen gerne zur Verfügung. Optimiert auf Wirtschaftlichkeit Modularer Aufbau Energetische Effizienz Funktionserweiterung nach Kundenwunsch Messbare CO2 Reduktion Jetzt Angebot einholen Technische Daten Datenblatt ansehen"
https://voltfang.de/anwendungen/eigenverbrauchspotimierung-unabhaengig-und-nachhaltig/,10/23/2023 16:25,"Unabhängig und nachhaltig Wie funktioniert eine Eigenverbrauchsoptimierung? Vorteile einer Eigenverbrauchsoptimierung Bei welchen Unternehmen eine Eigenverbrauchsoptimierung sinnvoll ist Referenzprojekte mit einer Eigenverbrauchsoptmierung Weitere Anwendungsfälle, die genutzt werden können Bauernhof Grunwald Hotel zur Post Aldi Nord Home Anwendungen Eigenverbrauchsoptimierung Eine Eigenverbrauchsoptimierung mit einem Batteriespeicher ist ein wahres Wundermittel für Unternehmen! Endlich können Sie ihren selbst produzierten Solarstrom direkt vor Ort nutzen und somit unabhängiger von teurem Netzstrom werden. Ein grundlegendes Problem bei der Erzeugung von Solarstrom ist, dass Sie nicht mit unserem Tagesrhythmus übereinstimmt. Während des Tages, wenn die meisten Menschen auf der Arbeit oder in der Schule sind und wenig Energie verbrauchen, erzeugt die PV-Anlage viel Strom, da die Sonne scheint. Morgens und abends, wenn der Eigenverbrauch hoch ist (z.B. Kaffee kochen, duschen, fernsehen oder bei elektrischem Licht im Zimmer sitzen), wird hingegen nur wenig oder gar kein Solarstrom erzeugt. Bis vor kurzem gab es keine Alternative, als überschüssigen Strom ins öffentliche Netz einzuspeisen und bei Bedarf teuren Netzstrom zu kaufen. Eine Eigenverbrauchsoptimierung mit einem Batteriespeicher kann für Unternehmen mit einem hohen Energiebedarf und einem hohen Anteil an selbsterzeugtem Solarstrom sinnvoll sein. Insbesondere Unternehmen, die viel Energie während der Tagesstunden verbrauchen und gleichzeitig Solarstrom erzeugen, können durch eine Eigenverbrauchsoptimierung ihre Stromkosten reduzieren und ihre Energieeffizienz erhöhen. Beispiele hierfür sind die produzierende Industrie, Supermärkte, Hotels und andere Gewerbebetriebe. Im Folgenden präsentieren wir einige erfolgreiche Referenzprojekte, in denen eine Eigenverbrauchsoptimierung implementiert wurde. Diese Projekte können eine Vielzahl von Anwendungen und Branchen, darunter Gastgewerbe, Landwirtschaft, Bäckereien und Supermärkte beinhalten. Es kann auch mehrere Anwendungsfälle geben, die für ein Unternehmen passend sind. Unser Expertenteam kann Ihnen dabei helfen, die richtigen Anwendungsfälle zu identifizieren und auf Ihre Datengrundlage abzustimmen. Home Autarkie Erhöhung Anwendungsfall CO2 Einsparung Keine neuen Ressourcen verbraucht Mehr Informationen PV + BHKW Einbindung Energiekosten Senkung Durch Verbrauchsoptimierung Multi-Use: EVP + LK 100% Ökostromanteil seit 2021"
https://voltfang.de/anwendungen/,10/23/2023 16:25,"Die passende Lösung für jeden Anwendungsfall Die Vorteile von Anwendungsfällen mit Batteriespeichern Eine zuverlässige Stromversorgung ist in der heutigen Welt unerlässlich. Batteriespeicher sind dabei mehr als nur Notstromaggregate. Sie haben eine Vielzahl von Anwendungen, die über die bloße Sicherung der Stromversorgung hinausgehen. Von der Unterstützung erneuerbarer Energien bis hin zur Verbesserung der Netzstabilität sind Batteriespeicher zu einem integralen Bestandteil unseres Energiesystems geworden. Mit Batteriespeichern können überschüssige Energie aus erneuerbaren Quellen gespeichert und zu einem späteren Zeitpunkt genutzt werden. Dies ermöglicht eine bessere Integration von Wind- und Sonnenenergie in das Stromnetz. Darüber hinaus können Batteriespeicher dazu beitragen, die Netzbelastung zu regulieren und so die Stabilität des Stromnetzes zu verbessern. Aber nicht nur im Bereich der Energieversorgung finden Batteriespeicher Anwendung. Sie können auch in Bereichen wie der Elektromobilität, Telekommunikation und der Industrie eingesetzt werden. Die vielfältigen Anwendungsmöglichkeiten von Batteriespeichern machen sie zu einem essentiellen Element für eine nachhaltige und zuverlässige Energieversorgung. Erfahren Sie mehr über die verschiedenen Anwendungen von Batteriespeichern und wie sie unsere Energieinfrastruktur transformieren können."
http://voltfang.de,10/23/2023 16:25,"Nachhaltige Batteriespeicher zur Dekarbonisierung Ihres Unternehmens Wir helfen Ihnen, Ihre Energiebilanz zu optimieren und gleichzeitig die Sicherheit Ihrer Energieversorgung zu gewährleisten – durch den Einsatz unserer wirtschaftlichen und grünen Batteriespeicher aus E-Autobatterien. Wir bieten die passende Lösung für jede Anwendung Individuell auf Ihr Unternehmen angepasst Unsere nachhaltigen Batteriespeicher für die Industrie Alles aus einer Hand Jetzt unverbindliches und kostenloses Angebot anfordern! News von Voltfang Gemeinsam als Partner in eine grüne Zukunft starten Gewerbespeicher Batteriegroßspeicher Installationsbetrieb Wir verwenden Cookies und ähnliche Technologien auf unserer Website und verarbeiten personenbezogene Daten von dir (z.B. IP-Adresse), um z.B. Inhalte und Anzeigen zu personalisieren, Medien von Drittanbietern einzubinden oder Zugriffe auf unsere Website zu analysieren. Die Datenverarbeitung kann auch erst in Folge gesetzter Cookies stattfinden. Wir teilen diese Daten mit Dritten, die wir in den Privatsphäre-Einstellungen benennen. Die Datenverarbeitung kann mit deiner Einwilligung oder auf Basis eines berechtigten Interesses erfolgen, dem du in den Privatsphäre-Einstellungen widersprechen kannst. Du hast das Recht, nicht einzuwilligen und deine Einwilligung zu einem späteren Zeitpunkt zu ändern oder zu widerrufen. Weitere Informationen zur Verwendung deiner Daten findest du in unserer Datenschutzerklärung. Einige Dienste verarbeiten personenbezogene Daten in unsicheren Drittländern. Indem du in die Nutzung dieser Services einwilligst, erklärst du dich auch mit der Verarbeitung deiner Daten in diesen unsicheren Drittländern gemäß Art. 49 Abs. 1 lit. a DSGVO einverstanden. Dies birgt das Risiko, dass deine Daten von Behörden zu Kontroll- und Überwachungszwecken verarbeitet werden, möglicherweise ohne die Möglichkeit eines Rechtsbehelfs.U Du bist unter 16 Jahre alt? Dann kannst du nicht in optionale Services einwilligen. Du kannst deine Eltern oder Erziehungsberechtigten bitten, mit dir in diese Services einzuwilligen. Wenn du alle Services akzeptierst, erlaubst du, dass Google Tag Manager2,U (Funktional, Datenverarbeitung in unsicheren Drittländern) , YouTube2,U (Funktional, Datenverarbeitung in unsicheren Drittländern) , Emojis2,U (Funktional, Datenverarbeitung in unsicheren Drittländern) , Typeform2,U (Funktional, Datenverarbeitung in unsicheren Drittländern) und Google AdSense3,U (Marketing, Datenverarbeitung in unsicheren Drittländern) geladen werden. Diese sind nach ihrem Zweck in Gruppen Essenziell1, Funktional2 und Marketing3 unterteilt (Zugehörigkeit durch hochgestellte Zahlen gekennzeichnet). Außerdem werden die Wordfence1 (Essenziell) , WPML1 (Essenziell) und Elementor1 (Essenziell) auf der Grundlage eines berechtigten Interesses geladen. Unsere Batteriespeicher Modular erweiterbar von klein bis groß Anwendungsfälle Die passende Lösung für jede Anforderung Eigenverbrauchsoptimierung Lastspitzenkappung Multi-Use Atypische Netznutzung Virtuelles Kraftwerk Notstrombetrieb Projekte Auf ihr Unternehmen passend zugeschnitten Supermarkt Bäckerei Landwirtschaft Gastgewerbe Gießerei Bauunternehmen Voltfang Partner werden Gemeinsam in eine grüne Zukunft starten Partner werden Partnerportal Voltfang Enable a future worth living Über Uns Was uns ausmacht Nachhaltigkeit In allen Bereichen präsent Karriere Bewirb dich bei uns Blog Alles zum Thema Energie Was im Kleinen für Haushalte mit Solaranlage und im Großen als Kraftwerk und Beitrag zur Netzstabilität schon länger funktioniert, findet inzwischen auch in Gewerbe und Industrie vermehrte Anwendung. Doch welche Aufgaben können nachhaltige Batteriespeicher in der betrieblichen Energieversorgung übernehmen? Welche Anwendungsfälle gibt es? Und was ist bei der Auslegung eines nachhaltigen Batteriespeichers zu beachten? Unsere nachhaltigen Batteriespeicher werden gezielt auf die Anwendungen abgestimmt, um eine optimale Lösung zu gewährleisten. Dabei stehen die Bedürfnisse und Wünsche der Kunden im Vordergrund. Mit unserer Expertise und Flexibilität sind wir in der Lage, auch komplexe Herausforderungen zu meistern und unseren Kunden ein hohes Maß an Zufriedenheit zu bieten. Zusammen für erneuerbare Energie Wir bieten Ihnen eine umfassende Beratung und individuelle Speicherprojekte sowie Full-Service-Pakete. Unser nachhaltiger Gewerbespeicher ist mit einem innovativen Energiemanagementsystem ausgestattet, mit dem sich alle Energieflüsse erfassen, steuern und überwachen lassen. Der passenden Wechselrichter ist mit inbegriffen, um die Installation werden sich unsere lokalen Elektriker vor Ort bei Ihnen kümmern. Wir übernehmen rund um die Uhr die Überwachung und Wartung des Systems. Unseren Batteriespeicher kann mit dem passenden Wechselrichter bis auf 1,74 MWh hochskaliert und an Ihre Bedürfnisse angepasst werden. Mit unserer 10-jährigen Garantie sorgen wir dafür, dass die Speicherkapazität Ihres Systems erhalten bleibt und tauschen notfalls Batteriemodule aus. Tragen Sie sich hier unverbindlich in unser Kontaktformular ein. Innerhalb weniger Tage erhalten Sie eine Rückmeldung von uns. Als Elektroinstallateur:in, Solarteur:in, Projektentwickler:in oder Planungsbüro für erneuerbare Energien können Sie uns dabei helfen, der wachsenden Marktnachfrage zu begegnen und eine klimaneutrale Zukunft zu gestalten. Werden Sie unser Partner! Batteriespeicher Anwendungen Leistungen Unternehmen Abonniere unseren Newsletter Indem Sie sich anmelden, erklären Sie sich mit der Datenschutzerklärung von Voltfang einverstanden. Social Media Wenn du alle Services akzeptierst, erlaubst du, dass Google Tag Manager2,U (Funktional, Datenverarbeitung in unsicheren Drittländern) , YouTube2,U (Funktional, Datenverarbeitung in unsicheren Drittländern) , Emojis2,U (Funktional, Datenverarbeitung in unsicheren Drittländern) , Typeform2,U (Funktional, Datenverarbeitung in unsicheren Drittländern) und Google AdSense3,U (Marketing, Datenverarbeitung in unsicheren Drittländern) geladen werden. Diese sind nach ihrem Zweck in Gruppen Essenziell1, Funktional2 und Marketing3 unterteilt (Zugehörigkeit durch hochgestellte Zahlen gekennzeichnet). (Funktional, Datenverarbeitung in unsicheren Drittländern) (Marketing, Datenverarbeitung in unsicheren Drittländern) Außerdem werden die Wordfence1 (Essenziell) , WPML1 (Essenziell) und Elementor1 (Essenziell) auf der Grundlage eines berechtigten Interesses geladen. (Essenziell) Alle akzeptieren Weiter ohne Einwilligung Privatsphäre-Einstellungen individuell festlegen English Deutsch Partner Partner Portal Wirtschaftlicher. | Kostenloses Angebot einholen Zu unseren Projekten Mehr zum Projekt erfahren Kapazität bis zu 1,74 MWh Leistung bis zu 920 kW Zum Gewerbespeicher 25,75 MWh 14,7 MW Zum Batteriegroßspeicher Informationsmaterial anfordern * Load More Unser Partnerprogramm Linkedin Facebook Youtube Instagram"
https://volstora.com/about,10/23/2023 16:25,ABOUT US Our first consultation will provide definitive answers to your energy storage requirements. Make your appointment today!
https://volstora.com/frequently-asked-questions/,10/23/2023 16:25,"FAQ Frequently Asked Questions Energy Storage Articles EV Charging / Grid Congestion Volstora tries to simplify the process of sizing, building, and using energy storage systems. Sometimes you might have an extra question. Is your question not listed? We would love to help answer any questions you have. Volstora believes that the business case is the first step to viable energy storage. Compared with any other technology, our systems last the longest and offer the lowest cost per kWh over the same lifetime as a typical solar panel. The global push to “go green” will cause energy prices to increase and will increase the energy storage profitability even more. Volstora is a renewable energy technology company that manufactures storage systems out of our own technology platform just like competitor giants like Tesla and Fluence. We do not have distributor or reseller margins on our battery systems. Our cell chemistry is a lithium-type battery with a titanium-based anode commercially available since 2005 and successfully used in military, space, and grid applications. We also build our own low-cost LFP battery packs using the manufacturing techniques and quality design principles. This question is caused by technology cycles being artificially shortened in a process called planned obsolescence. The fact is that the Volstora system has a guaranteed payback due to the lifetime being substantially longer, in addition to having software that can be updated to stay technologically compatible with future systems. However, we continuously test and explore new cell chemistries such as Na-ion to keep in touch with market developments. There is definitely a push to make energy storage systems last longer and some emerging technologies such as flow batteries, compressed air, and hydrogen is being developed. However, these technologies are not commercially attractive and have considerable risk, whereas the titanium cell has over 16 years of field data and tests. The Warranty Reserve Fund is a trustee that manages assets on behalf of the warranty beneficiaries on a ratio of outstanding liabilities, protected by the European deposit guarantee scheme (DGS) adopted by the EU 2014/49/EU. Our headquarters and warehouse is located in Arnhem, Netherlands. The principle of discount is based on bilateral compromise. Are you willing to wait a few weeks longer, provide better payment terms, or batch order? Volstora is no stranger to energy storage and has designed a partly robotized assembly line with supplier inspections, 3rd party inspections, and our factory inspections to ensure holistic quality control. Our unique production process allows us to quality check each component that goes into our systems, ensuring they are up to Volstora's quality standards. We offer a free initial consultation on your requests on renewable energy. We can walk you through every step of analysis, simulation, offer, installation, and operation. Go through some of our articles and news for more information. EV charging / Grid congestion Islands in many cases have an unreliable grid which forces businesses to rely... Island Hybrid System Islands in many cases have an unreliable grid which forces businesses to rely on alternate... Is energy storage really affordable? Are you a reseller, distributor, or manufacturer of batteries? What is your cell chemistry? What if something better comes out next year? Are there any similar technologies - flow batteries, hydrogen, etc? How can you underwrite long-term warranties? Where are you based? Can you offer discount? How do you ensure quality? EV Charging Uncategorized"
https://volstora.com/about/,10/23/2023 16:25,"Revolutionary Energy Storage Infrastructure. Not Just Another Retail Seller Our Mission Our Vision Volstora Mentality Certified Engineers Save Your Money Free Consultation Let’s Connect VOLSTORA SYSTEMS B.V. ZENON ENERGY EUROPE B.V. OUR ADDRESS Volstora is a manufacturer of renewable energy storage infrastructure based in the Netherlands. They specialize in designing and manufacturing complete and powerful energy storage from cell to system, empowering businesses to achieve greater energy independence. Building complete and powerful energy storage systems. Powering businesses across Europe with Volstora energy. We are building a different kind of battery energy storage system free from planned obsolescence and throw-away mentality. Our products are uniquely designed to fit our vision of what energy storage should be. Our team have qualified and experienced engineers in renewables. The basis of every project is in bankability through sustainable and future-proof technology. We offer a free first meeting and consultation to investigate your energy storage needs. Phone: +44 (0) 20 8938 3215 KVK: 87775999 BTW: NL864402582B01 NL94BUNQ2081790742 KVK: 82480664 NL89INGB0008077063 Leemansweg 7, 6827BX Arnhem, Netherlands About empowering businesses to achieve greater energy independence. Modular Plug and Play Capability Tailored Solutions Quality and Affordability"
https://volstora.com/algemenevoorwaarden/,10/23/2023 16:25,"Algemene verkoop en service voorwaarden Volstora – 2023. Art. I Algemeen 1.1 Deze algemene verkoop en service voorwaarden (de ‘Algemene Voorwaarden’) zijn van toepassing op alle offerteaanvragen, offertes, opdrachten, orderbevestigingen en overeenkomsten die door Volstora B.V. en alle toekomstige aan deze vennootschappen gelieerde vennootschappen (‘Volstora’), worden verstrekt of zijn aangegaan of overeengekomen, alsmede op alle leveringen van goederen (de ‘Product(en)’) en verlening van diensten door Volstora(hierna te noemen ‘Diensten’). Door plaatsing van de order maar uiterlijk bij levering van de Producten of uitvoering van de Diensten gaat de afnemer (de ‘Klant’) akkoord met de toepasselijkheid van deze Algemene Voorwaarden. 1.2 Deze Algemene Voorwaarden zijn van toepassing gedurende de totale duur van de zakelijke relatie, dit wil zeggen ook op volgende overeenkomsten, onderhandelingen of aanvragen van Klant. 1.3 Tenzij schriftelijk anders overeengekomen door partijen worden er door Volstora uitsluitend op basis van deze Algemene Voorwaarden Producten geleverd of Diensten uitgevoerd. Alle andere voorwaarden – inclusief de voorwaarden van Klant – zijn niet bindend voor Volstora. 1.4 Ingeval een bepaling van de Algemene Voorwaarden geheel of gedeeltelijk ongeldig wordt bevonden, zal zulks de geldigheid van de overige bepalingen van de Algemene Voorwaarden onverlet laten. 1.5 Afwijkingen van deze Algemene Voorwaarden zijn uitsluitend toegestaan indien en voor zover de vertegenwoordigingsbevoegd bestuurder(s) van Volstora dergelijke afwijkingen uitdrukkelijk schriftelijk heeft/hebben aanvaard, en uitsluitend ter zake van de enkele overeenkomst ten aanzien waarvan desbetreffende afwijkingen zijn overeengekomen. 1.6 Voor de toepassing van deze Algemene Voorwaarden wordt onder de term “schriftelijk” mede verstaan alle communicatie tussen partijen via e-mail. 2.1 Alle door Volstora gedane prijsopgaven en (budget)offertes zijn slechts bindend gedurende de termijn vermeld op deze prijsopgave of (budget)offerte. 2.2 Een overeenkomst komt slechts tot stand na een schriftelijke bevestiging van een (getekende) offerte/order door Volstora of wanneer anderszins uitdrukkelijk schriftelijk bevestigd. Ingeval van een strijdigheid of inconsistentie tussen de inhoud van een (getekende) offerte of order en de inhoud van de Volstora orderbevestiging, prevaleert de Volstora orderbevestiging. 2.3 Bij het ontbreken van een Volstora orderbevestiging is de levering van de Producten of het uitvoeren van de Diensten door Volstora en/of een eindfactuur de orderbevestiging. 2.4 De gegevens in illustraties, tekeningen en specificaties van afmetingen en gewicht, die de basis vormen voor de offerte of orderbevestiging, dienen slechts te worden beschouwd als geschatte waarden, zulks voor zover deze niet bij uitsluiting zijn aangemerkt als bindend. Op Klant rust de verplichting de voornoemde gegevens te controleren. 2.5 Volstora is en blijft eigenaar van alle documenten, geleverde modellen, monsters of voorbeelden die verband houden met offertes of een overeenkomst, en deze mogen zonder schriftelijk toestemming van Volstora niet aan derden worden geleverd of beschikbaar worden gesteld voor inspectie, of worden vermenigvuldigd of nagemaakt. Op verzoek van Volstora moeten dergelijke documenten, geleverde modellen, monsters of voorbeelden binnen veertien dagen in goede staat DDP in overeenstemming met de Incoterms 2020 aan Volstora worden geretourneerd 3.1 Indien in de offerte is opgenomen dat Volstora ontwerpwerkzaamheden voor Klant zal verrichten, zal Volstora het finale ontwerp van het Product toezenden aan Klant na de datum van de orderbevestiging. Klant zal het finale ontwerp goed- dan wel afkeuren binnen 5 (vijf) werkdagen nadat het finale ontwerp door Volstora aan Klant is verzonden. Indien Volstora niet binnen 5 (vijf) werkdagen een goed- dan wel afkeuring heeft ontvangen van Klant, wordt het finale ontwerp geacht te zijn geaccepteerd door Klant. 3.2 Volstora en Klant kunnen overeenkomen dat niet-technische en niet-functionele wijzigingen aan een Product worden aangebracht, zoals het plaatsen van stickers, simkaarten, wijziging van kleuren, etc. (de ‘Aanpassing(en)’). Volstora zal de door Klant verzochte Aanpassingen goed- dan wel afkeuren middels de orderbevestiging. Aanpassingen kunnen gevolgen hebben voor het uiteindelijke Product (de ‘Aangepast(e) Product(en)’), het uiterlijk, de kwaliteit en/of de levensduur daarvan. Volstora is niet aansprakelijk voor schade veroorzaakt door de Aangepaste Producten als deze schade is te wijten aan de Aanpassingen. 4.1 Voor enkele van Volstora’s Producten kan Klant orders plaatsen via de Volstora webshop (de ‘Webshop’). Een overeenkomst komt slechts dan tot stand indien een door Klant geplaatste order via de Webshop door Volstora wordt bevestigd middels een orderbevestiging (niet zijnde een offertebevestiging). 4.2 De Webshop wordt gratis aan Klant ter beschikking gesteld. Volstora garandeert geen permanente, foutloze beschikbaarheid van de Webshop. In het bijzonder garandeert Volstora niet dat de Webshop vrij is van systeemfouten, onderbrekingen en/of storingen. 4.3 Toegang tot de Webshop is onderworpen aan de gebruiksvoorwaarden van de Webshop. Indien en zodra Klant gebruik maakt van de Webshop gaat klant akkoord met deze gebruiksvoorwaarden. 5.1 Tenzij anders overeengekomen, zijn prijzen en leveringen af magazijn of af fabriek en exclusief verzendof transportkosten (Ex Works in overeenstemming met de Incoterms 2020). Ingeval Volstora op enigerlei wijze assisteert bij het laden van de Producten zal Klant Volstora ontheffen van enige verantwoordelijkheid of aansprakelijkheid. 5.2 Indien partijen overeenkomen dat Volstora zorg zal dragen voor het transport, zijn de transport- en verzekeringskosten voor rekening van Klant. De kosten hiervan zullen door Volstora op de factuur worden vermeld of separaat worden gefactureerd. 5.3 Het transport vindt plaats voor risico van Klant, ook ingeval de vervoerder uitdrukkelijk heeft gestipuleerd dat op alle vervoersdocumenten moet worden vermeld dat alle schade als gevolg van het transport voor rekening en risico van de afzender is. 6.1 Als onderdeel van de levering van het Product, kunnen partijen een ‘Factory Acceptance’ test en een ‘Site Acceptance’ test overeenkomen, waarbij: (a) Factory Acceptance de impliciete of expliciete acceptatie van het Product voor het verlaten van de fabriek betekent, hetgeen plaatsvindt door (i) ondertekening van het bijbehorende testdocument door beide partijen, of (ii) verzending van het Product van de Volstora fabriek naar de eindlocatie aangewezen door Klant; en (b) Site Acceptance de impliciete of expliciete acceptatie van het Product op de eindlocatie betekent, hetgeen plaatsvindt door (i) ondertekening van het bijbehorende testdocument door beide partijen of (ii) de inbedrijfstelling van het Product op de eindlocatie aangewezen door Klant. 6.2 Tenzij anders overeengekomen, worden afgegeven (lever-)data of termijnen verlengd indien: (a) Klant aanpassingen verlangt aan het finale ontwerp later dan vijf (5) werkdagen nadat Volstora het finale ontwerp aan Klant heeft toegezonden; (b) Klant niet voldoet aan alle technische, administratieve, commerciële en financiële vereisten; (c) Klant aanpassingen verlangt aan het Product na de datum van de orderbevestiging; (d) Volstora (gedeeltelijke) betalingen met betrekking tot de Producten of Diensten niet voor de Vervaldatum (zoals gedefinieerd in artikel 7.2) heeft ontvangen. 6.3 De leveringsdata- en termijnen genoemd in offertes of orderbevestigingen en/of andere schriftelijke correspondentie zijn slechts richtlijnen en nooit fatale termijnen. Indien partijen in afwijking van voorgaande een fatale levertermijn zijn overeen gekomen die is overschreden, zal Klant Volstora een schriftelijke aanmaning tot nakoming sturen met een redelijke termijn tot nakoming van minimaal 14 werkdagen. 6.4 Deelleveringen zijn toegestaan. 6.5 Vanaf het moment van levering van de Producten door Volstora gaat het volledige risico van de Producten over op Klant. 6.6 Volstora mag haar verplichtingen ingevolge een overeenkomst overdragen aan derden, dan wel derden uitvoering laten geven aan deze verplichtingen. 6.7 Ingeval Volstora of een van haar leveranciers hinder ondervindt van een situatie van overmacht heeft Volstora het recht de leveringsdatum met een passende periode op te schorten. Hetzelfde geldt ingeval van overheidsingrijpen, tekorten aan energie of grondstoffen, vertraging in de levering van onderdelen door leveranciers en/of namens Klant, stakingen, werknemersuitsluitingen, gebrek aan transportmiddelen en andere onvoorziene leveringsproblemen, voor zover Volstora hierop geen invloed kan uitoefenen. Volstora zal Klant hieromtrent in kennis stellen en ervoor zorgdragen dat het ongemak voor Klant tot een minimum wordt beperkt. Ingeval de situatie van overmacht langer dan drie maanden voortduurt of zodra duidelijk wordt dat deze langer dan drie maanden zal voortduren, is Volstora gerechtigd de overeenkomst geheel of ten dele te ontbinden, voor zover deze niet is uitgevoerd, en betaling te eisen voor de delen die wel zijn uitgevoerd, zulks zonder verplichting schadevergoeding te betalen aan Klant. 6.8 Indien Klant – na gereed melding van de Producten door Volstora – verzoekt om een uitgestelde levering, behoudt Volstora zich het recht voor de kosten samenhangende met de uitgestelde levering (waaronder, maar niet beperkt tot, opslag- en vervoerskosten) bij Klant in rekening te brengen. Volstora is in dit geval gerechtigd Klant de factuur te sturen, als ware geleverd op de in eerste instantie aangegeven leverdatum. 6.9 Als plaats van uitvoering is overeengekomen de plaats van de fabriek van Volstora die de Producten levert. 7.1 Prijzen zijn in euro’s, of in lokale valuta gebaseerd op de wisselkoers die de Europese Centrale Bank hanteert met betrekking tot die valuta en de euro op de datum van de offerte, exclusief btw en/of andere heffingen. 7.2 Betalingen moeten worden verricht conform de overeengekomen betalingsvoorwaarden zonder enige vorm van verrekening. Tenzij in de prijsopgave, offerte of opdrachtbevestiging anders vermeld, moeten betalingen binnen 14 dagen na factuurdatum zonder aftrek worden overgemaakt naar de opgegeven bankrekening (de ‘Vervaldatum’). Betalingen worden geacht voldaan te zijn op het moment dat deze op de bankrekening van Volstora zijn bijgeschreven. 7.3 Ingeval Klant verzuimt een bedrag uiterlijk op de Vervaldatum te betalen, is Klant van rechtswege in verzuim. In dat geval en onverminderd de andere rechtsmiddelen die Volstora ter beschikking staan, is Volstora gerechtigd om Klant in rekening te brengen: (i) rente over alle verschuldigde en niet betaalde bedragen tegen een tarief van 2% boven de wettelijke rente voor handelsovereenkomsten (artikel 6:119a BW) vanaf de Vervaldatum van de onbetaalde factuur en (ii) de wettelijke buitengerechtelijke incassokosten. 7.4 Indien partijen een betaling in termijnen zijn overeengekomen, heeft Volstora het recht om diens werkzaamheden samenhangende met een volgende termijn op te schorten indien een factuur samenhangende met een voorafgaande termijn niet tijdig is voldaan. In dit geval vervallen alle eventueel tussen partijen overeengekomen levertijden. 7.5 Kortingsafspraken worden volledig tenietgedaan zodra zich een betalingsverzuim voordoet (ook ingeval van deelbetalingen) en/of ingeval alle andere verschuldigde betalingen niet uiterlijk zijn voldaan ten tijde van ontvangst van het factuurbedrag waarop de korting van toepassing is. 7.6 Klachten zijn geen grond voor opschorting van of vertraging in de betaling. 7.7 Volstora is – met onmiddellijke ingang na voorafgaande schriftelijke kennisgeving – gerechtigd de prijs van de Producten of Diensten te verhogen ingeval de kostprijsbepalende factoren duurder zijn geworden. Deze factoren omvatten, doch zijn niet beperkt tot: (a) grond- en hulpstoffen, halffabricaten, hulpstoffen zoals olie, water en energie; (b) overheidsmaatregelen en wisselkoersveranderingen, producten en diensten die bij derden wordenbetrokken, vrachttarieven, in- en uitvoerrechten, accijnzen, heffingen, belastingen (voor zover deze tarieven, rechten, accijnzen, heffingen en belastingen zijn inbegrepen in de prijs van de goederen), lonen, salarissen, sociale zekerheidsbijdragen, vrachtkosten en verzekeringspremies. 7.8 Voorts is Volstora – met onmiddellijke ingang na voorafgaande schriftelijke kennisgeving – gerechtigd de prijs van de Producten of Diensten te verhogen ingeval van een vertraging in de leveringstermijnen en -data, indien de vertraging in kwestie niet is toe te rekenen aan Volstora. 7.9 Tenzij specifiek anders overeengekomen, is de prijs exclusief invoerrechten, heffingen en belastingen, vergoedingen of andere uitgaven of kosten die benodigd zijn om uitvoering te geven aan de overeenkomst, of reis- en verblijfkosten, welke uitgaven, kosten en onkosten afzonderlijk aan Volstora dienen te worden vergoed. 8.1 Ingeval Klant zich verbonden heeft tot levering van onderdelen voor de productie van – of die benodigd zijn voor de Aanpassingen van – de bestelde Producten, moeten deze onderdelen kosteloos en op tijd voor het productieproces worden geleverd aan de fabriek van Volstora (DDP in overeenstemming met de Incoterms 2020). 8.2 Volstora meldt gebreken van onderdelen zodra de gebreken zich tijdens de normale bedrijfsvoering manifesteren. Klant doet hierbij afstand van het recht bezwaar te maken tegen te laat gemelde gebreken. 8.3 Ingeval van vertraagde of gebrekkige levering of gebrekkige kwaliteit van dergelijke onderdelen vervallen alle eventueel tussen partijen overeengekomen levertijden en vrijwaart Klant Volstora tegen extra kosten en onkosten en tegen schade en verliezen die het gevolg zijn van zulk een vertraging, gebrekkige kwaliteit of gebrek. In dergelijke gevallen is Volstora gerechtigd naar eigen goeddunken het productieproces te onderbreken totdat er passende onderdelen van goede kwaliteit zijn ontvangen. 8.4 Klant zal er te allen tijde voor eigen rekening en risico voor zorgdragen en garandeert dat: (a) alle voor de uitvoering van een overeenkomst benodigde en vereiste licenties en vergunningen aanwezig zijn; (b) aan alle lokale, regionale of nationale voorschriften met betrekking tot ruimtelijke ordening is voldaan; en (c) hij zal handelen in overeenstemming met alle toepasselijke wet- en regelgeving, met inbegrip van, maar niet beperkt tot, de toepasselijke wet- en regelgeving met betrekking tot recycling. 8.5 Schade en onkosten als gevolg van het niet of niet tijdig naleven van de in het voorgaande artikel vervatte voorwaarden zijn voor rekening en risico van Klant. 9.1 Indien Producten worden geproduceerd of Diensten worden uitgevoerd op basis van ideeën, voorstellen, modellen, tekeningen, Aanpassingen of monsters van Klant, garandeert Klant dat daarmee geen inbreuk wordt gemaakt op beschermde rechten van derden. In gerechtelijke procedures vanwege (vermeende) inbreuk op gepatenteerde rechten, merkrechten, beschermde ontwerpen, handelsgeheimen of auteursrechten van derden vrijwaart Klant Volstora tegen alle (schade) claims van derden en daardoor ontstane kosten. Klant zal onmiddellijk zorgdragen voor deelname aan of overname van de gerechtelijke procedure ingeval Volstora Klant daartoe verzoekt. 9.2 Alle ideeën, uitvindingen, ontwerpen en monsters, auteursrechtelijk beschermde werken, patenten, ontwerprechten, handelsmerken, auteursrechten en handelsgeheimen en alle kennis of andere intellectuele eigendommen ter zaken van de Producten of Diensten die door Volstora worden geproduceerd of uitgevoerd of in het kader van de uitvoering van een overeenkomst worden gegenereerd, alsook alle technieken die door Volstora worden toegepast voor productie en ontwerp van de Producten of uitvoering van de Diensten, voorafgaand aan of tijdens de verwerking van een order, te allen tijde de exclusieve (intellectuele) eigendom van Volstora. 10.1 Op door Volstora geleverde Producten kan geïntegreerde software (de ‘Firmware’) zijn geïnstalleerd. Voor enkele door Volstora geleverde Producten is het mogelijk dat Klant – tegen betaling – gebruik maakt van Volstora’s zogeheten “Vision” oplossingen (‘Vision’). De Firmware en Vision oplossingen zijn onderworpen aan auteursrechten en andere rechten van intellectueel eigendom van Volstora of diens licentiegevers. Er worden geen rechten van intellectueel eigendom overgedragen aan Klant. Klant garandeert Volstora en diens licentiegevers dat Klant geen van deze rechten zal schenden. 10.2 Toegang tot Vision is onderworpen aan gebruiksvoorwaarden. Klant of derden die namens Klant toegang krijgen tot Vision voor zover toegestaan en van toepassing (de ‘Gebruiker(s)’), houden zich te allen tijde strikt aan de gebruiksvoorwaarden voor Vision. Indien en zodra Klant of een Gebruiker gebruik maakt van Vision, gaat Klant of Gebruiker akkoord met deze gebruiksvoorwaarden. 11.1 Klant dient alle door Volstora verstrekte informatie, specificaties, bedrijfsinformatie en kennis die over en door Volstora wordt verstrekt vertrouwelijk te behandelen. Op verzoek van Volstora moet Klant voornoemde informatie binnen veertien dagen in goede staat aan Volstora retourneren, dan wel vernietigen. 11.2 Niettegenstaande de geheimhoudingsverplichtingen van partijen, gaat Klant er hierbij mee akkoord dat Volstora de naam van Klant en algemene informatie over het project mag gebruiken voor publiciteitsmededelingen en referentiedoeleinden. 12.1 Klant is verplicht om de Producten en Diensten bij levering of na uitvoering te controleren op transportschade of andere schade. Klant moet zichtbare gebreken binnen 7 dagen na levering of na constatering van een gebrek aan de Producten of een gebrek in de uitgevoerde Diensten schriftelijk melden met bewijs en de specifieke beschrijving van de aard van het gebrek. Op verzoek van Volstora is Klant verplicht voorbeelden van de gebrekkige goederen naar de fabriek van Volstora te zenden voor rekening en risico van Klant (DDP in overeenstemming met de Incoterms 2020). 12.2 Indien er Producten zijn gefabriceerd op grond van instructies van Klant, is de garantie met betrekking tot efficiëntie/goede werking en de garantie met betrekking tot geschiktheid voor een bepaald doel uitdrukkelijk uitgesloten. Klant kan eveneens geen aanspraak maken op garantie jegens Volstora met betrekking tot door hem geleverde onderdelen zoals omschreven in artikel 8.1. 12.3 Geschillen tussen Klant en Volstora inzake kwaliteit, levering of een andere door Klant ingediende klacht, geven Klant niet het recht betaling op te schorten. 12.4 Retournering van gebrekkige Producten is slechts toegestaan na voorafgaande schriftelijke toestemming van Volstora. Ingeval er Producten moeten worden geretourneerd, geschiedt zulk een retournering voor rekening en risico van Klant (DDP in overeenstemming met de Incoterms 2020). Acceptatie van de geretourneerde Producten of een onderzoek van het gebrek door Volstora leidt er niet toe dat Klant aanspraak kan maken op toewijzing van claims of andere rechtsgevolgen. 13.1 Volstora garandeert tot een periode van 12 (twaalf) maanden na het uitvoeren van Diensten dat deze voldoen aan de eisen van goed vakmanschap en garandeert tot een periode van 24 (vierentwintig) maanden na installatie of levering van Producten aan Klant, naargelang wat zich het eerst voordoet, dat alle Producten vrij zijn van gebreken. Volstora zal gebreken herstellen door te zorgen voor herstel of vervanging van de Producten of het opnieuw uitvoeren van de Diensten, tenzij: (a) de Producten onderhevig zijn geweest aan misbruik, foutieve installatie of onderhoud, niet uitgevoerd door Volstora; of (b) de Producten zijn gedemonteerd, aangepast of gerepareerd, niet uitgevoerd door Volstora; of (c) de door Volstora verstrekte of anderszins van toepassing zijnde handleidingen, bedienings- en onderhoudsinstructies voor (delen van) de Producten niet worden gevolgd; of (d) de Producten worden gebruikt in de nabijheid van explosieve of licht ontvlambare stoffen of in of dichtbij water; of (e) er sprake is van normale slijtage; of (f) er sprake is van falen van het elektriciteitsnet; of er sprake is van een force majeure situatie of het defect op een andere manier veroorzaakt is van buitenaf. De standaardgarantie voor laadpalen voor elektrische auto’s is een ‘back to base’ garantie. De inhoud hiervan kan worden geraadpleegd op de website van Volstora. Eventueel gemaakte kosten buiten het herstel of buiten de vervanging om worden separaat bij Klant in rekening gebracht (indien van toepassing: reiskosten, manuren, transport, inbouw, uitbouw, etc.). Deze garantie is een exclusieve garantie en vervangt iedere expliciete of impliciete garantie van verkoopbaarheid, geschiktheid voor een bepaald doel of andere garantie. Volstora geeft geen garanties met betrekking tot geschiktheid voor een bepaald doel of gebruik van welke aard dan ook. 13.2 De aansprakelijkheid van Volstora ingevolge of in verband met een overeenkomst voor de levering van Producten en/of Diensten die uit hoofde daarvan zijn verkocht of uitgevoerd, is voor de levering van Producten beperkt tot 50% van de waarde van de Producten in de orderbevestiging/ de overeenkomst en voor de levering van Diensten beperkt tot 50% van de waarde van de jaarlijkse servicekosten, ongeacht of deze aansprakelijkheid voortvloeit uit de overeenkomst (met inbegrip van boetes en vrijwaringen), onrechtmatige daad (met inbegrip van nalatigheid), billijkheid, wet- en regelgeving of anderszins. 13.3 Volstora is niet aansprakelijk voor verlies of schade ter zake van winst, inkomsten, gebruik, productie, overeenkomsten, goodwill, corruptie van software, data of informatie, of voor indirecte of bijzondere schade, gevolgschade of andere schade van dien aard in elke vorm. 13.4 Klant is gehouden Volstora te vrijwaren respectievelijk schadeloos te stellen ter zake van alle aanspraken of claims van derden tot vergoeding van schade in verband met de geleverde Producten of uitgevoerde Diensten. 14.1 Totdat Klant aan alle financiële verplichtingen jegens Volstora, inclusief rente en kosten, heeft voldaan, berust het eigendomsrecht op de door Volstora geleverde Producten bij Volstora. Klant is verplicht de Producten met de vereiste zorg op te slaan en te beheren. 14.2 Met betrekking tot wederverkoop draagt Klant hierbij alle vorderingen met inbegrip van alle aanverwante rechten en zakelijke zekerheidsrechten die Klant met betrekking tot zijn klanten en de doorverkochte producten toekomen over aan Volstora, en Volstora aanvaardt hierbij deze overdracht. Desgevraagd zal Klant aan Volstora de namen en adressen van haar klanten bekendmaken alsook de vorderingen en de bedragen die als gevolg van de verkopen in kwestie verschuldigd zijn. Tenzij dit door Volstora wordt herroepen en onverminderd het exclusieve recht van Volstora op de uitstaande vorderingen, mag Klant de aan Volstora overgedragen vorderingen op eigen titel maar voor rekening van Volstora incasseren. 15.1 Ingeval van opzegging of ontbinding van de overeenkomst door Klant, is Volstora gerechtigd tot vergoeding van de totale waarde van de overeenkomst, daaronder begrepen de gecalculeerde winst. Indien er sprake is van een rechtmatige opzegging door Klant op grond van artikel 15.2 (a), is Volstora gerechtigd tot vergoeding van de tot dan toe door haar gemaakte kosten. 15.2 Beide partijen hebben het recht de overeenkomst op te zeggen in uitsluitend de volgende gevallen: (a) er is sprake van een opzettelijke of grove tekortkoming in de nakoming van materiële verplichtingen onder de overeenkomst door de andere partij, en deze tekortkoming wordt niet hersteld binnen een door de getroffen partij schriftelijk gegeven redelijke termijn; of (b) de andere partij haar onderneming staakt of dreigt te staken, in staat van insolventie verkeert, faillissement aanvraagt, een schuldeisersakkoord aangaat of failliet gaat. 15.3 Orders zijn eveneens bindend voor de rechtsopvolger van Klant of Volstora. De rechten en verplichtingen zoals vervat in de overeenkomst en onderhavige Algemene Voorwaarden mogen niet door partijen worden overgedragen zonder de voorafgaande schriftelijke toestemming van de andere partij, welke toestemming niet op onredelijke gronden mag worden onthouden of vertraagd. Het hiervoor genoemde is niet van toepassing ingeval van overdracht aan (een) rechtsopvolger(s). Zulk een overdracht is rechtsgeldig na schriftelijke kennisgeving aan de andere partij. Indien Klant (delen van) de door Volstora geleverde Producten naar het buitenland exporteert, verplicht Klant zich daarbij de voor hem geldende nationale en internationale exportvoorschriften in acht te nemen en zal Klant Volstora vrijwaren voor alle aanspraken van derden in verband met deze exportvoorschriften. 17.1 Indien Klant van Volstora persoonsgegevens ontvangt in het kader van de overeenkomst met betrekking waar tot Klant kwalificeert als verwerker, garandeert Klant dat Klant zich houdt aan de Algemene Verordening Gegevensbescherming en alle andere geldende wet- en regelgeving met betrekking tot gegevensbescherming (de ‘AVG’). Partijen zullen in dat geval nadere afspraken maken in een verwerkersovereenkomst. Partijen zullen eveneens een verwerkersovereenkomst sluiten indien Volstora in het kader van de overeenkomst persoonsgegevens ontvangt van Klant met betrekking waartoe Volstora niet zelf als verwerkingsverantwoordelijke kwalificeert. 17.2 Indien Klant zelf als verwerkingsverantwoordelijke heeft te gelden in het kader van de AVG is de AVG rechtstreeks op hem van toepassing en garandeert Klant dat hij in overeenstemming met de AVG handelt. 17.3 Volstora heeft een privacy statement opgesteld, welke kan worden geraadpleegd op Volstora’s website. Als Volstora in het kader van de overeenkomst persoonsgegevens ontvangt van Klant, zal Klant de betrokkenen op de hoogte stellen van dit privacy statement. 18.1 Ingeval een van de bepalingen van deze Algemene Voorwaarden of een overeenkomst om welke reden dan ook nietig of niet rechtsgeldig wordt bevonden, zal dit de rechtsgeldigheid van de overige bepalingen onverlet laten. 18.2 Partijen verbinden zich tot het vervangen van de ongeldige bepaling door een rechtsgeldige bepaling die de economische strekking van de ongeldige bepaling zo dicht mogelijk benadert. 19.1 Op deze Algemene Voorwaarden en op elke overeenkomst waarop deze Algemene Voorwaarden van toepassing zijn, en op alle geschillen of vorderingen die voortvloeien uit of in verband met zulk een overeenkomst en het onderwerp daarvan, is Nederlands recht van toepassing, zulks onder uitsluiting van de in Nederland geldende regels van conflicterend recht en onder uitsluiting van de regels van de Conventie van de Verenigde Naties voor de Internationale Verkoop van Goederen. 19.2 Alle geschillen die zich voordoen in verband met deze Algemene Voorwaarden en alle overeenkomsten waarop deze Algemene Voorwaarden van toepassing zijn of verdere overeenkomsten die daaruit voortvloeien, dienen te worden voorgelegd aan de Rechtbank Midden Nederland, locatie Almere, Nederland. SERVICEWERKZAAMHEDEN (“Bijzondere Voorwaarden”) Op montage-, installatie- en servicewerkzaamheden (het ‘Werk’) zijn niet alleen artikel 1 tot en met 19 van deze Algemene Voorwaarden van toepassing, maar ook artikel 20 tot en met 22 van onderhavige Bijzondere Voorwaarden. Ingeval van afwijkende of strijdige voorwaarden prevaleren de artikelen van onderhavige Bijzondere Voorwaarden boven artikel 1 tot en met 19 van deze Algemene Voorwaarden, met uitzondering van artikel 13 (Garantie en aansprakelijkheid) dat te allen tijde prevaleert. 20.1 Indien is overeengekomen dat Volstora Werk voor Klant uitvoert, dient Volstora dit Werk uit te voeren in overeenstemming met de overeengekomen specificaties. Volstora heeft het recht, maar is niet verplicht, de juistheid van de verstrekte gegevens te controleren en, ingeval van geconstateerde fouten, het Werk op te schorten totdat de fouten naar tevredenheid van Volstora zijn gecorrigeerd. 20.2 Klant dient ervoor zorg te dragen dat alle voor de uitvoering van het Werk benodigde uitrusting en gereedschappen, zulks in de ruimste zins des woord en naar keuze van Volstora, beschikbaar zijn. Volstora is gerechtigd om, indien zij dit noodzakelijk acht voor de voortgang van het Werk, voor rekening van Klant benodigde uitrusting te bestellen en om voor rekening van Klant zodanige andere maatregelen te treffen als Volstora noodzakelijk acht. Op eerste verzoek van Volstora dient Klant onder eigen verantwoordelijkheid een gekwalificeerde persoon aan Volstora ter beschikking te stellen om het Werk ter plekke te coördineren of om te assisteren bij een dergelijke coördinatie. 20.3 Klant zal er voor eigen rekening en risico voor zorgdragen en garandeert dat: beveiligingsniveau, etc.); 20.4 Klant dient het Werk periodiek te controleren, zoals nader overeen te komen, en dient het Werk schriftelijk goed te keuren. Ingeval Klant verzuimt het werk te controleren en/of goed te keuren, zal het Werk worden geacht te zijn goedgekeurd binnen 3 (drie) werkdagen nadat Volstora haar Werk heeft voltooid, maar indien het Werk met betrekking tot een Product betreft in ieder geval op het moment dat het Product in gebruik wordt genomen. 20.5 Klant zal alle kosten die door Volstora worden gemaakt in verband met het Werk, inclusief reis- en verblijfskosten vergoeden. 20.6 Schade en onkosten als gevolg van het niet of niet tijdig naleven van de in dit artikel vervatte voorwaarden zijn voor rekening en risico van Klant. Uitvoering van extra werk of annulering van Werk moet schriftelijk worden overeengekomen. Indien er meer of minder werk wordt uitgevoerd zonder een dergelijke schriftelijke overeenkomst, is Volstora gerechtigd de prijs van het Werk in kwestie eenzijdig vast te stellen in overeenstemming met in de markt gangbare tarieven. Het Werk wordt als volgt geacht te zijn aanvaard: (a) indien er geen aanvaardingstest is overeengekomen: bij levering, of, indien schriftelijk is overeengekomen dat Volstora het Werk uit zal voeren, na voltooiing van het Werk; of (b) indien partijen schriftelijk een aanvaardingstest zijn overeengekomen: op de eerste dag na de testperiode; of (c) indien Klant voorafgaand aan het moment van aanvaarding gebruik heeft gemaakt van het Product: bij aanvang van het gebruik in kwestie. Klant mag zijn aanvaarding niet onthouden op gronden anders dan die welke gebaseerd zijn op de specificaties die uitdrukkelijk door partijen zijn overeengekomen, en evenmin op grond van kleine fouten, waaronder wordt verstaan fouten die het gebruik of de productiviteit van het Product niet in de weg staan. IN ALLE GEVALLEN, VOOR CONFLICTEN OF FOUTEN IN DE VERTALING, MOET NAAR DE NEDERLANDSE VERSIE WORDEN VERWEZEN. IN ALL CASES, FOR CONFLICTS OR ERRORS IN TRANSLATION, THE DUTCH VERSION IS TO BE REFERENCED. General sales and service conditions Art. I General 1.1 These general terms and conditions of sale and service (the ‘General Terms and Conditions’) apply on all requests for quotations, quotations, assignments, order confirmations and agreements made by Volstora B.V. and all future companies associated with these companies (‘Volstora’) are provided or have been entered into or agreed, as well as on all deliveries of goods (the ‘Product (s)’) and provision of services by Volstora (hereinafter referred to as ‘Services’). By placing the order, but at the latest upon delivery of the Products or performance of the Services the customer (the ‘Customer’) agrees to the applicability of these General Terms and Conditions. 1.2 These General Terms and Conditions apply for the entire duration of the business relationship, this means also subsequent agreements, negotiations or requests from the Client. 1.3 Unless otherwise agreed in writing by the parties, Volstora will only pay for Products delivered or Services performed based on these General Terms and Conditions. All other terms and conditions – including the terms and conditions of the Client – are not binding on Volstora. 1.4 In the event that a provision of the General Terms and Conditions becomes wholly or partially invalid this will not affect the validity of the other provisions of the General Terms and Conditions let. 1.5 Deviations from these General Terms and Conditions are only permitted if and insofar as the director (s) of Volstora authorized to represent such deviations explicitly has/have accepted in writing, and exclusively with regard to the single agreement with regard to it of which relevant deviations have been agreed. 1.6 For the application of these General Terms and Conditions, the term “in writing” also refers to means all communication between parties via e-mail. 2.1 All quotations and (budget) offers made by Volstora are only binding during the term stated on this quotation or (budget) quotation. 2.2 An agreement is only concluded after written confirmation of a (signed) quotation / order by Volstora or when otherwise expressly confirmed in writing. In case of a conflict or inconsistency between the content of a (signed) quotation or order and the content of Volstora order confirmation, Volstora order confirmation prevails. 2.3 In the absence of a Volstora order confirmation, the delivery of the Products or the execution of the Services by Volstora and / or a final invoice the order confirmation. 2.4 The data in illustrations, drawings and specifications of dimensions and weight, which are the basis forms for the quotation or order confirmation should only be regarded as estimated values, this insofar as they are not exclusively regarded as binding. The obligation rests on the Client check the aforementioned data. 2.5 Volstora is and remains the owner of all documents, delivered models, samples or examples related to quotations or an agreement, and these may be without writing permission from Volstora will not be supplied or made available to third parties inspection, or duplicated or counterfeited. At the request of Volstora, such documents, models, samples or samples delivered within fourteen days in good condition DDP returned to Volstora in accordance with Incoterms 2020 3.1 If it is stated in the quotation that Volstora will undertake design work for the Customer Volstora will send the final design of the Product to Customer after the date of the order confirmation. Customer will approve or reject the final design within 5 (five) working days after the final design has been sent to the Client by Volstora. If Volstora is not within 5 (five) has received approval or rejection from the Client on working days, the final design is deemed to have been completed are accepted by Customer. 3.2 Volstora and Customer can agree that non-technical and non-functional changes to a Product, such as placing stickers, SIM cards, changing colors, etc. (the ‘Adjustment (s)’). Volstora will approve the Adjustments requested by Customer reject through the order confirmation. Adjustments can have consequences for the final Product (the ‘Modified Product (s)’), its appearance, quality and / or lifespan. Volstora is not liable for damage caused by the Adapted Products if it is damage due to the Adjustments. 4.1 For some of Volstora’s Products, Customer can place orders through Volstora webshop (the ‘Webshop’). An agreement is only concluded if one by the Client Order placed through the Webshop by Volstora is confirmed by means of an order confirmation (not being an offer confirmation). 4.2 The Webshop is made available to the Customer free of charge. Volstora does not guarantee permanent, error-free availability of the Webshop. In particular, Volstora does not guarantee that the Webshop is free from system errors, interruptions and / or malfunctions. 4.3 Access to the Web Shop is subject to the Web Shop’s terms of use. Submit as soon as the Customer uses the Webshop, the customer agrees to these terms of use. 5.1 Unless otherwise agreed, prices and deliveries are ex warehouse or ex works and exclusive shipping or transport costs (Ex Works in accordance with the Incoterms 2020). In the case of Volstora assists in any way with the loading of the Products will release Customer Volstora of any responsibility or liability. 5.2 If the parties agree that Volstora will take care of the transport, the transport and insurance costs for the account of the Client. The costs of this will be charged by Volstora on the invoice or invoiced separately. 5.3 The transport takes place at the risk of the Customer, even if the carrier has expressly stated stipulated that all transport documents must state that any damage resulting from the transport is at the expense and risk of the sender. 6.1 As part of the delivery of the Product, the parties can perform a ‘Factory Acceptance’ test and a ‘Site Acceptance’ test, where: (a) Factory Acceptance the implied or explicit acceptance of the Product before leaving the factory means, which is done by (i) signing the corresponding test document by both parties, or (ii) shipping the Product from the Volstora plant to the final location designated by Customer; and (b) Site Acceptance means the implicit or explicit acceptance of the Product at the final location, which takes place by (i) signing the corresponding test document by both parties or (ii) the commissioning of the Product at the final location designated by Customer. 6.2 Unless otherwise agreed, issued (delivery) dates or terms are extended if: (a) Customer requires modifications to the final design later than five (5) business days after Volstora has sent the final design to the Client; (b) Customer does not meet all technical, administrative, commercial and financial requirements; (c) Customer requires adjustments to the Product after the date of the order confirmation; (d) Volstora (partial) payments in respect of the Products or Services not for the Due date (as defined in clause 7.2). 6.3 The delivery dates and periods mentioned in quotations or order confirmations and / or other written correspondence is only guidelines and never deadlines. If the parties deviate from previously agreed on a fatal delivery date that has been exceeded, the Client will pay Volstora send a written reminder for compliance with a reasonable period of compliance of at least 14 business days. 6.4 Partial deliveries are permitted. 6.5 From the moment of delivery of the Products by Volstora, the entire risk is assumed the Products to Customer. 6.6 Volstora may transfer its obligations under an agreement to third parties, then let third parties implement these obligations. 6.7 In the event that Volstora or one of its suppliers is inconvenienced by a situation of force majeure, Volstora has the right to postpone the delivery date for an appropriate period. The same applies in the event of government intervention, shortages of energy or raw materials, delays in the supply of parts by suppliers and / or on behalf of Customer, strikes, employee exclusions, lack of means of transport and other unforeseen delivery problems, as far as Volstora cannot influence this. Volstora will notify Customer about this and about it ensure that the inconvenience for the Client is kept to a minimum. In case of the situation of force majeure lasts longer than three months or as soon as it becomes clear that it lasts longer than three months, Volstora is entitled to dissolve the agreement in whole or in part, insofar as this has not been carried out, and to demand payment for the parts that have been carried out, such without obligation to pay compensation to the Client. 6.8 If Customer – after notification of the Products by Volstora – requests a delayed delivery, Volstora reserves the right to pay the costs associated with the delayed delivery (including, but not limited to, storage and transport costs) to the Customer to bring. Volstora is in this case entitled to send the invoice to the Customer, as if it had been delivered on the in first instance indicated delivery date. 6.9 The location of Volstora’s factory that the Products supplies. 7.1 Prices are in euros, or in local currency based on the exchange rate set by the European Central Bank applicable in respect of that currency and the euro on the date of the quotation, exclusive of VAT and / or other charges. 7.2 Payments must be made in accordance with the agreed payment terms without any form of settlement. Unless stated otherwise in the quotation, quotation or order confirmation, payments must be transferred without deduction to the specified bank account (the ‘Due Date’). Payments are deemed to be made at the time that these have been credited to Volstora’s bank account. 7.3 In the event that the Client fails to pay an amount at the latest on the Due Date, the Client is legally in default. In that case and without prejudice to the other remedies available to Volstora Volstora is entitled to charge the Client: (i) interest on all amounts owed and unpaid amounts at a rate of 2% above the statutory interest for trade agreements (Article 6: 119a BW) from the Due Date of the unpaid invoice and (ii) the statutory extrajudicial collection costs. 7.4 If the parties have agreed on payment in installments, Volstora has the right to suspend his activities related to a subsequent term if an invoice in connection with a previous term has not been paid on time. In this case, all may expire delivery times agreed between the parties. 7.5 Discount agreements are completely canceled as soon as a payment default occurs (also in the case of partial payments) and / or in the event that all other payments due have not been paid at the latest at the time of receipt of the invoice amount to which the discount applies. 7.6 Complaints are not grounds for suspension of or delay in payment. 7.7 Volstora is entitled – with immediate effect after prior written notification increase the price of the Products or Services if the cost-determining factors are more expensive become. These factors include, but are not limited to: (a) raw and auxiliary materials, semi-finished products, auxiliary materials such as oil, water and energy; (b) government action and exchange rate changes, products and services provided by third parties are involved, freight rates, import and export duties, excise duties, levies, taxes (to the extent that these rates, duties, excise duties, levies and taxes are included in the price of the goods), wages, salaries, social security contributions, freight costs and insurance premiums. 7.8 Furthermore, Volstora is – with immediate effect after prior written notification – entitled to increase the price of the Products or Services in the event of a delay in the delivery terms and dates, if the delay in question is not attributable to Volstora. 7.9 Unless specifically agreed otherwise, the price is exclusive of import duties, levies and taxes, fees or other expenses or costs necessary to implement the agreement, or travel and accommodation costs, which expenses, costs and expenses separately to Volstora must be reimbursed. 8.1 In the event that the Customer has undertaken to supply parts for the production of – or those required for the Adjustments of – the ordered Products, these parts must be free of charge and delivered to the Volstora plant (DDP in in accordance with the Incoterms 2020). 8.2 Volstora reports defects of parts as soon as the defects occur during normal manifest business operations. Customer hereby waives the right to object to late reported defects. 8.3 In case of delayed or defective delivery or defective quality of such parts any delivery times agreed between the parties will lapse and the Client will indemnify Volstora at extra cost and expenses and against damages and losses resulting from such delay, defective quality or lack. In such cases, Volstora is entitled in its sole discretion interrupt the production process until suitable parts of good quality have been received. 8.4 The Client will at all times see to it at its own expense and risk and guarantees that: (a) all licenses and permits necessary and required for the performance of an agreement present; (b) all local, regional or national planning requirements are met; and (c) it will act in accordance with all applicable laws and regulations, including, but not limited to, applicable laws and regulations regarding recycling. 8.5 Damages and expenses as a result of non-compliance or late compliance with the provisions of the previous article Conditions contained are at the expense and risk of the Client. 9.1 If Products are produced or Services are performed based on ideas, Client’s proposals, models, drawings, Adjustments or samples are thus warranted by the Client no infringement is made of protected rights of third parties. In legal proceedings because of (alleged) infringement of patented rights, trademark rights, protected designs, Trade secrets or copyrights of third parties indemnify the Client Volstora against all (damage) claims of third parties and costs incurred as a result. Customer will immediately arrange for participation in or takeover of the legal proceedings in case Volstora Customer requests this. 9.2 All ideas, inventions, designs and samples, copyrighted works, patents, design rights, trademarks, copyrights and trade secrets and all knowledge or other intellectual property belonging to the Products or Services provided by Volstora produced or carried out or in the context of the performance of an agreement generated, as well as all techniques used by Volstora for production and design of the Products or performance of the Services, prior to or during the processing of an order, at all times the exclusive (intellectual) property of Volstora. 10.1 Products supplied by Volstora may include integrated software (the “Firmware”) installed. For some Products delivered by Volstora it is possible that the Customer – against payment – uses Volstora’s so-called “Vision” solutions (“Vision”). The Firmware and Vision solutions are subject to copyrights and other intellectual property rights from Volstora or its licensors. There are no intellectual property rights transferred to Customer. Customer warrants to Volstora and its licensors that Customer does not violate these rights. 10.2 Access to Vision is subject to terms of use. Customer or third parties acting on behalf of Customer accessing Vision to the extent permitted and applicable (the “User (s)”), abide by strictly adhere to Vision’s terms of use at all times. If and as soon as Customer or a User uses makes Vision, Customer or User agrees to these terms of use. 11.1 Customer must provide all information, specifications, company information and knowledge provided by Volstoraprovided about and by Volstora with confidentiality. At the request of Volstora must provide the Customer with the aforementioned information in good condition to Volstora within fourteen days return or destroy. 11.2 Notwithstanding the confidentiality obligations of the parties, the Client agrees to this that Volstora may use Client’s name and general project information for publicity notices and reference purposes. 12.1 The Customer is obliged to check the Products and Services upon delivery or after performance transport damage or other damage. Customer must return visible defects within 7 days of delivery or after detection of a defect in the Products or a defect in the Services performed in writing report with evidence and a specific description of the nature of the defect. At the request of Volstora is obliged to deliver samples of the defective goods to Volstora’s factory send at the expense and risk of the Client (DDP in accordance with the Incoterms 2020). 12.2 If Products are manufactured on the basis of the Customer’s instructions, the warranty is void with regard to efficiency / proper functioning and the warranty with regard to suitability for a particular purpose explicitly excluded. Nor can the customer make any claim under a warranty towards Volstora with regard to parts supplied by him as described in article 8.1. 12.3 Disputes between Customer and Volstora regarding quality, delivery or any other by Customer submitted complaint, do not entitle the Client to suspend payment. 12.4 Return of defective Products is only permitted after prior written notice permission from Volstora. If Products have to be returned, such will be done a return at the expense and risk of the Client (DDP in accordance with the Incoterms 2020). Leads to acceptance of the returned Products or an investigation of the defect by Volstora does not allow the Client to claim assignment of claims or other legal consequences. 13.1 Volstora guarantees a period of 12 (twelve) months after the performance of Services that these meet the requirements of good workmanship and guarantees up to a period of 24 (twenty-four) months from installation or delivery of Products to Customer, whichever occurs first occurs that all Products are free from defects. Volstora will repair defects by caring for the repair or replacement of the Products or the re-performance of the Services, unless: (a) the Products have been subject to abuse, improper installation or maintenance, not performed by Volstora; or (b) the Products have been disassembled, modified or repaired, not performed by Volstora; or (c) the manuals, operating instructions provided or otherwise applicable by Volstora maintenance instructions for (parts of) the Products are not followed; or (d) the Products are used in the vicinity of explosive or highly flammable substances or in or close to water; or (e) there is normal wear and tear; or (f) there is a failure of the power grid; whether there is a force majeure situation or the defect was caused in some other way outside. The standard warranty for charging stations for electric cars is a ‘back to base’ warranty. Content these can be consulted on the Volstora website. Any costs incurred outside the repair or replacement will be charged separately to the Client charged (if applicable: travel costs, man hours, transport, installation, removal, etc.). This one warranty is an exclusive warranty and is in lieu of any express or implied warranty of merchantability, fitness for a particular purpose, or other warranty. Volstora does not give any warranties of fitness for a particular purpose or use of any kind. 13.2 Volstora’s liability under or in connection with any agreement for the delivery of Products and / or Services that have been sold or performed on this basis is for the delivery of Products is limited to 50% of the value of the Products in the order confirmation / the agreement and for the provision of Services limited to 50% of the value of the annual service costs, regardless of whether this liability arises from the agreement (including fines and indemnities), tort (including negligence), fairness, law and regulations or otherwise. 13.3 Volstora is not liable for any loss or damage in respect of profit, income, use, production, agreements, goodwill, corruption of software, data or information, whether for indirect or special damage, consequential damage or other such damage in any form. 13.4 The Client is obliged to indemnify or indemnify Volstora in respect of all claims or claims from third parties for compensation for damage in connection with the Products supplied or Services performed. 14.1 Until the Client has all financial obligations towards Volstora, including interest and costs the title to the Products delivered by Volstora rests with Volstora. The Customer is obliged to store and manage the Products with due care. 14.2 With regard to resale, the Client hereby bears all claims, including all related rights and collateral security rights that Client has with regard to its customers and the Resold Products are transferred to Volstora, and Volstora hereby accepts them Handover. Upon request, the Customer will provide Volstora with the names and addresses of its customers as well as the receivables and amounts incurred as a result of the sales in question to owe. Unless revoked by Volstora and without prejudice to the exclusive right of Volstora on the outstanding receivables, Customer may transfer the to Volstora to collect claims in its own right but at the expense of Volstora. 15.1 In the event of cancellation or dissolution of the agreement by the Client, Volstora is entitled to pay the total value of the agreement, including the calculated profit. In the event of a lawful termination by Customer under clause 15.2 (a), Volstora is entitled to reimburse the costs it has incurred up to that point. 15.2 Both parties have the right to cancel the agreement in the following cases only: (a) there is an intentional or gross breach of material obligations under the agreement by the other party, and this shortcoming will not be remedied within a by reasonable period given in writing to the affected party; or (b) the other party ceases or threatens to cease its business, is in a state of insolvency, files for bankruptcy, enters into a creditors’ agreement or goes bankrupt. 15.3 Orders are also binding on the legal successor of the Client or Volstora. The rights and obligations as contained in the agreement and these General Terms and Conditions are not allowed transferred by the parties without the prior written consent of the other party, which consent may not be unreasonably withheld or delayed. It for this The aforementioned does not apply in the event of transfer to one or more legal successors. Such one transfer is legally valid upon written notice to the other party. If the Customer exports (parts of) the Products delivered by Volstora abroad, The Client undertakes to observe the applicable national and international export regulations and will indemnify Customer Volstora against all claims from third parties in connection with this export regulations. 17.1 If the Customer receives personal data from Volstora in the context of the agreement with with regard to which Customer qualifies as a processor, Customer warrants that Customer will adhere to the General Data Protection Regulation and all other applicable laws and regulations with with regard to data protection (the ‘GDPR’). In that case, the parties will make further agreements in a processor agreement. The parties will also conclude a processor agreement if Volstora receives personal data from Customer in the context of the agreement for which Volstora does not itself qualify as controller. 17.2 If the Client himself is to be regarded as the controller in the context of the GDPR, the GDPR applies directly to him and guarantees Customer that he is in compliance with the GDPR acts. 17.3 Volstora has drawn up a privacy statement, which can be consulted on Volstora’s website. If Volstora receives personal data from Customer, Customer will inform those involved of this privacy statement. 18.1 In case one of the provisions of these General Terms and Conditions or an agreement for which is found invalid or not legally valid for any reason, this will affect the legality of the remainder provisions are not affected. 18.2 The parties undertake to replace the invalid provision with a legally valid one provision that approximates the economic scope of the invalid provision as closely as possible. 19.1 To these General Terms and Conditions and to any agreement to which these General Terms and Conditions apply, and to any dispute or claim arising out of or in connection with such one agreement and its subject matter, Dutch law is applicable, subject to exclusion of the rules of conflict of law applicable in the Netherlands and to the exclusion of the rules of the United Nations Convention for the International Sale of Goods. 19.2 Any disputes arising in connection with these Terms and Conditions and all agreements to which these General Terms and Conditions apply or further agreements ensuing from this must be submitted to the Midden Nederland District Court, location Almere, the Netherlands. Assembly, installation and service activities (the ‘Work’) are not limited to Articles 1 to 19 of these General Terms and Conditions apply, but also articles 20 to 22 of the present Special Conditions. In the event of deviating or conflicting conditions, the articles of these Special Terms and Conditions above articles 1 to 19 of these General Terms and Conditions, with the exception of article 13 (Warranty and liability) which prevails at all times. 20.1 If it has been agreed that Volstora performs Work for the Client, Volstora will serve this Work to be carried out in accordance with the agreed specifications. Volstora has the right, but is not obliged to check the correctness of the information provided and, in case of any errors found, suspend the Work until the errors are to the satisfaction of Volstora have been corrected. 20.2 The Client must ensure that all equipment and equipment required for the execution of the Work tools, to the fullest extent and at the discretion of Volstora, are available. Volstora is entitled to, if it deems this necessary for the progress of the Work, for to order the necessary equipment and to order such other equipment at the expense of the Client to take measures if Volstora deems necessary. Serves at the first request of Volstora The customer makes a qualified person available to Volstora under his own responsibility to coordinate the Work on site or to assist in such coordination. 20.3 The Client will take care of this at its own expense and risk and guarantees that: (g) all necessary security measures and precautions have been taken and that all measures have been taken to comply with – with regard to assembly / installation / service applicable government regulations; 20.4 The Client must check the Work periodically, as further to be agreed, and must check the Work to be approved in writing. In the event that the Client fails to check and / or approve the work, it will Work will be deemed to be approved within 3 (three) business days of Volstora delivering its Work completed, but in the case of Work relating to a Product in any case at the time that the Product is put into use. 20.5 The Client will pay all costs incurred by Volstora in connection with the Work, including reimburse travel and accommodation expenses. 20.6 Damages and expenses as a result of non-compliance or late compliance with the provisions of this article conditions are at the expense and risk of the Client. Execution of additional work or cancellation of Work must be agreed in writing. If there are more or less work is performed without such written agreement is Volstora entitled to unilaterally determine the price of the Work in question in accordance with the market prevailing rates. The Work is deemed to have been accepted as follows: (a) if no acceptance test has been agreed: on delivery, or, if in writing agreed that Volstora will perform the Work, upon completion of the Work; or (b) if the parties have agreed on an acceptance test in writing: on the first day after the test period; or (c) if the Customer has used the Product prior to the time of acceptance: at the start of the use in question. Customer may not withhold acceptance on grounds other than those based on the specifications expressly agreed by the parties, nor on the basis of minor errors, including errors that do not impede the use or productivity of the Product stand."
https://volstora.com/investor-relations-join-energy-storage-revolution-with-volstora/,10/23/2023 16:25,"Investor Relations Battery Energy Storage Is A Booming Market. An Experienced Team OUR MARKET OUR TEAM The energy transition to solar and wind generation requires an enormous amount of energy storage in the form of batteries. Volstora is uniquely positioned to offer longer lifetime systems and gain market share. * 2021-2030 Global Market Insights Volstora Shareholders The company is privately held by three professional investors and several executives with experience in running divisions within American Tower, Sunrun, Navus, and Saudi Aramco. Our investors recognized the potential disruption of Volstora and provided sound advice and governance to the company. Volstora shareholders recognize not only the climate challenges and race to sustainable energy but also value the ambition and passion of the participating team. For more information on the company structure and joining the Volstora journey please reach us at investors@volstora.com Company Type: Besloten Vennootschap Company Number: 82480664 Founded: 6 April 2021 RSIN: 862487109 Universal Entity Code: 5400-7140-0356-4688 Last Updated: Monday, April 12, 2021 11:33:10 PM UTC Official Address: Leemansweg 7, 6827BX, Arnhem FOUNDER 1 600.000FOUNDER 2 300.000INVESTOR 1 48.469INVESTOR 2 7.574INVESTOR 3 12.118INVESTOR 4 12.118LEAD 103.730INVESTOR 5 29.637INVESTOR 6 7.409INVESTOR 7 100.000TOTAL 1.221.056 Contact us at investors@volstora.com for our investor materials. 2023 15 January: Outlook 2023 + Q4 2022 report25 April: Q1 2023 report25 July: Q2 2023 report25 October: Annual Shareholder Meeting + Q3 2023 report 2022 AGM Minutes 2022 Financial Review (01-06-2022) 2023Q1 Balance Sheet (01-06-2023) $ 29.000.000.000 %"
https://volstora.com/careers/,10/23/2023 16:25,Careers Johan & Christian Vrishab Bagewadi Veronica And Marcel Lukasz Shyam Duan WHO WE WANT WHAT WE OFFER MEET PART OF THE TEAM We look for highly driven and passionate candidates that want to learn and improve. Experience in the energy and electrical sector is a huge advantage! We want to see your CV! A work environment and team unlike any other. We are all in it to win it. We offer a space that allows for major room to grow in a hard-working and versatile start-up Open application? Please send your CV to hello@volstora.com 100% Originals Lead Engineer CAD Queen and Warehouse Manager Production Worker (and really nice guy) Engineering Expert Demon Boss + APPLY NOW @volstora.com
https://volstora.com/vss-volstora-super-storage/,10/23/2023 16:25,"VSS™ - VOLSTORA SUPERSTORAGE © Extensive Portfolio Of Technical Excellence Grid-Boost© VSS -20ft VSS -40ft UP TO 1.2MWH VARIOUS CONTAINER SIZES TECHNICAL SPECIFICATIONS SPECIFICATION 50/200/20 300/800/40H OUR SYSTEMS NOMINAL CAPACITY ROUND-TRIP EFFICIENCY POWER RATING MONITORING INTERFACE CHARGE TIME COOLING WORKING TEMPERATURE LIFETIME UNIT WEIGHT UNIT SIZE CERTIFICATIONS 200kWH 92% 50kVA / 400VAC OpenEMS CE connector 4 hours ON-GRID -20 °C to +50 °C 20+ years 6200 kg 20ft standard CSC certificate CE Declaration IEC 62109 IEC 62477 VDE AR-N 4110/4120 EN 50549-1 VDE-AR-N 4105:2018 Factory Inspection TOR Erzeuger Typ B:2019 TOR Typ A:2019 800kWh 90% 300KVA / 400VAC ATESS PowerLock 3.5 hours ON/OFF GRID -30 °C to +52 °C 20+ years at 25°C 19600 kg 40ft HQ CSC certificate CE Declaration EN 61000-6-4 EN 61000-6-2 EN 62109-1 EN 62109-2 Containerized titanium-based long-lifetime systems. Battery-only or complete energy storage systems Weatherproof containerized systems in various sizes These are turn-key containerized solutions that have been designed as safe, modular, cost-effective, sustainable, and long-lasting containerized and transportable solutions. This system can reliably operate for decades without the serious capacity fade, sulphation, overheating, memory effect, lifetime, fire risk, and other common battery issues. Please contact us for specialized and turn-key solutions From 4ft to 45ft container systems, we have a range of built projects. Compact 4ft Units Standard Systems Cost-effective Megastorage Prefabricated containerized units Fast plug-and-play installation Weatherproof construction for maximum lifetime Multiple container sizes available No thermal runaway or fire risk"
https://volstora.com/superstrata/,10/23/2023 16:25,"VOLSTORA SUPERSTRATA 8.3 4.000+ CYCLES 8.3 KWH USABLE 10X BETTER CELL COOLING UP TO 2.8MWH CONTAINERIZED ENERGY DENSE BACKED WARRANTY 10 YEARS SUPERSTRATA All-metal, affordable, and simple LFP battery. Reliable non-inflated cycling at 100% DOD In an all-metal aluminium design Massive surface area for cell cooling Weatherproof containerized systems in from 100kWh to 2.8MWh. High energy density and low weight Simple and clear warranty for peace of mind. A new generation of lithium phosphate battery (LFP) using Volstora’s patent-pending laminar airflow cooling to achieve high-reliability battery performance. Small, modular, cost-effective, recyclable, and with good safety performance. This battery has been designed as the premium cobalt-free LFP battery with the most advanced passive air-cooled design. 20MWh guarantee per battery 10x cell surface area for cooling High energy density Up to 2.8MWh containerized units Hidden busbar design Rust-free premium aluminium design Latest generation cobalt-free LFP Low-resistance battery design Good LFP safety For fire-proof safety see the SuperTitan battery"
https://volstora.com/contact-us/,10/23/2023 16:25,Want To Get In Touch? Office Location Deliveries Switchboard E-mail Working Hours VOLSTORA CUSTOMER SERVICE CONTACT VOLSTORA Please keep your request detail and information on hand so we can be as effective as possible. +31 (0) 2709 3414 CONTACT US Mon - Fri : 9.00 A.M - 5.00 P.M Sat - Sun : Closed
https://volstora.com/supertitan-sustainable-and-long-lasting-battery-solution/,10/23/2023 16:25,"SUPERTITAN™ V2 20.000+ CYCLES 2.5KWH AT 1C DISCHARGE. -40°C TO +60°C OPERATION RAPID-CHARGING ZERO REACTION LEADING WARRANTY UP TO 20 YEARS SUPERTITAN™ HIGH PERFORMANCE INSTALLATION DESIGNED SAFETY SAFETY IS BEST DEMONSTRATED → The ultimate titanium-based permanent battery. Extreme cycling ability at 100% DOD Available in a voltage of 2.25V or 25V The battery can operate in extreme temperatures Can be charged 10-90% in as little as 15 minutes. The industry's safest lithium-type battery Volstora warranty is market-leading These units have been designed as a safe, modular, cost-effective, sustainable, and long-lasting solution. This battery can reliably cycle for decades with little capacity fade, sulphation, overheating, memory effect, short lifetime, fire risk, and other common battery issues. 20,000+ cycles at 100% DoD Superconducting titanium cells Extreme temperature capable Typical degradation <1% per year Frameless stacking design Superior cooling structure Highly recyclable and less environmental impact Aluminium design for durability High-strength EPP exterior No reaction when penetrated, cut, or short-circuited Industry-recognized as safest lithium-type battery"
https://volstora.com/our-technology/,10/23/2023 16:25,"Our Technology WE BUILD ENDURING PRODUCTS Flexible Energy Storage Our Future Needs Permanent Batteries. Have Some Questions? SuperStrata© 7.5kWh* Lifetime Cost: ~€0.11/KWh SuperTitan© 2.5kWh Lifetime Cost: ~€0.044/KWh Not Sure? OUR PRICING We have a mission to build our products to be beautifully simple yet efficient. Volstora is building a brand that customers will recognize and cherish in the journey to a truly sustainable future. Our pricing is dependent on material prices and costs of shipping among other factors. These prices are indicative only. High-density and economical battery with good safety and recyclability. Proven lithium titanium storage with the lowest cost of energy. Take a no-risk lease from our partner. Batteries are a substantial investment and so to be economically sustainable it has to match the 20+ year lifetimes of solar panels. Cell chemistry is the single greatest factor in energy storage degradation, lifetime, and performance. However a cell by itself is unusable and that is where Volstora has done the complex engineering in battery pack materials, cooling, electronics, software, and monitoring to make storage a renewable investment. Be sure to read our Blog section for some secrets of storage covering topics such as: Technology 100% DOD 22.5MWh throughput 0.5C charge/discharge 10 year lifetime -5°C to +44°C range <3% degradation per year Standard warranty Good safety ~€297/kWh /kWh ORDER NOW Up to 9.1 MWh throughput Up to 4C charge/discharge 25 year lifetime -40°C to +60°C range Market-leading warranty Safest battery ~€600/kWh Up to 10 year term Pay per month Systems directly available Lease-to-buy and other options Limited Availability RENT A SYSTEM Play Video CLICK HERE"
https://volstora.com/financial-analysis-of-energy-storage/,10/23/2023 16:25,"Financial Analysis Financial Analysis Of Energy Storage Storage NPV Degradation Effect - 1 Cycle Per Day Financial NPV Determine The IRR Payback And ROI Conclusion BENEFIT TODAY FROM TOMORROW #1 MISTAKE IN NPV CALCULATIONS SPECIFYING THE NPV PERFORM YOUR OWN CUSTOM CALCULATIONS USING THE EXCEL SHEET BELOW. DEGRADATION IS LEADING 1-CYCLE PER DAY STORAGE NPV 2-CYCLES PER DAY STORAGE NPV 10 YEAR COMPARISON 20 YEAR COMPARISON: TRUE COST OF STORAGE 10-YEAR TIMEFRAME 20-YEAR TIMEFRAME RETURN ON INVESTMENT PAYBACK THE BUSINESS CASE MATTERS Net present-value (NPV) is the current worth of a future sum of money or stream of cash flows given a specified rate of return. It is a great tool to analyse the profitability of an investment independent of different lifetimes and account for inflation and degradation – two of the biggest impacts on profitability. Future cash flows are discounted at the discount rate, and the higher the discount rate, the lower the present value of the future cash flows. Determining the appropriate discount rate and term of energy storage is the key to properly valuing future cash flows. A battery of 1kWh will deliver less than 1kWh throughout its lifetime. In many cases, cycling this battery daily for 10 years will not create 1 kWh * 365 days * 10 years = 3.65MWh of kWh throughput, but in many cases delivers less than 3.0MWh. Similarly, a battery of 1kWh with a throughput of 3MWh means that it can perform enough cycles to deliver 3MWh across its life. It does NOT mean the battery will cycle exactly 3MWh / 1kWh = 3000 cycles (8.2 year with daily cycling). In fact, there are various technical factors in what energy is actually delivered according to charging/discharging speed, temperature, round-trip efficiency, internal resistance, and many more factors. High-quality simulation programs will include many of these non-ideal factors whereas Excel-based and back-of-the-envelope are useful for indicative calculations but should not be relied on for accurate comparisons. The storage NPV in terms of kWh has to factor in degradation, round-trip efficiency, lifetime, and all the non-ideal factors of the battery. The combination of these factors is simply the storage discount rate. The financial NPV in financial terms has to include the storage NPV, inflation, rising energy prices, and cost of debt. The combination of these factors is simply the discount rate. Remember in all calculations to use the overall project cost per kWh and not the cell or component cost. The project as a whole is being calculated. Degradation is a major factor in determining the storage or financial NPV. The below graph shows the yearly kWh generated in an application where the battery cycled once per day and twice per day. The net present formula is given as: NPV = F / [ (1 + r)^n ] where, The storage NPV for the red battery in terms of kWh delivered over 10 years results in a calculation of: So from just this comparison, the blue battery delivers 17% more kWh over a 10 year timeframe. So from just this comparison, the blue battery delivers a substantial 86% more kWh over a 10-year timeframe. The previous section was the storage NPV and more directly applicable is a financial NPV which includes the cost of each kWh at the time of generation. To calculate the discount rate there are several additional factors to consider in this example calculation. A positive discount rate means the energy storage system will have decreased cashflows in the future, a negative discount rate means the system will have increase cashflows into the future. Therefore for the red battery, X_inf * X_elec *X_deg* C_d = (0.98)*(0.96)*(1.044)*(1.03)= 1.2% Therefore for the blue battery, X_inf * X_elec *X_deg* C_d = (0.98)*(0.96)*(1.006)*(1.03)= -2.5% The final step is to take the calculation over the entire lifetime of the battery to present the best comparison of value and over a 10-year provides a short-term comparison. Multiply the result by the average cost per kWh that the energy storage is replacing for an NPV per kWh. In the worksheet Excel, a SuperTitan battery of €420/kWh is compared with a LFP battery of €300kWh using the above red/blue discount rates. For an electricity cost of €0.15/kWh and a timeframe of 10 years, the results are: SuperTitan battery NPV: +€25.79 LFP battery: -€6.87 This is a significant result because even over a 10-year timeframe and a 30% CAPEX discount on the LFP battery, the project is not profitable at €0.15/kWh as the NPV value is negative. The SuperTitan shines since the lifetime is substantially longer and allows the NPV to be much higher than the LFP battery. SuperTitan battery NPV: +€233.91 IRR is calculated using the same concept as net present value (NPV), except it sets the NPV equal to zero. By modifying the cost per kWh in order to set the NPV to zero, we have arrived at the true cost of cycling energy storage in terms of €/kWh. Using Excel goal seek function, we arrive at the two different cost per kWh inputs that sets the NPV to zero for the SuperTitan and LFP case. SuperTitan NPV = 0 when electricity cost is €0.128/kWh LFP NPV = 0 when electricity cost is €0.161/kWh The return of investment is an important metric about how attractive an investment may be. However this is an important note that energy storage usually does not generate electricity savings directly, but allows the transport or trading of electricity. This usually results in storage not having a high ROI like solar investments, for example. It’s important to then also weigh the overall revenue being generated using solar and storage than just solar alone. It can be the case that a project has a high ROI but very little overall savings and earnings. A large overall savings and thus earnings will result in a lower ROI than a pure solar investment. Bear in mind that a high ROI also does not include a risk impact but does include inflation in this energy storage calculation. ​annualized ROI (years) = (Net Return on Investment/Cost of Investment ​×100%)​^(1/years) Payback is measuring the time before cumulative cashflows from the project match the investment amount. A shorter payback is usually desired but has to be weighed alongside the NPV and ROI of an investment, as it is possible that a shorter project payback has a lower ROI and NPV between investments. Adjust for the first 5 years average cashflow since initial degradation has not set in. Payback = Cost of investment / average cashflow of first 5 years. The NPV is a great financial tool to verify profitability and overall safety margin between storage as it accounts for many different factors and is lifetime independent. The IRR provides insight to the true cost per kWh (production cost) of different energy storage systems but does not include maintenance. The SuperTitan battery is a truly competitive technology as it outperforms LFP even on a 10-year timeline despite a 30% higher upfront cost. Extending to a 20-year timeframe, the cost of storage of LFP is 170% higher than that of SuperTitan. It is for this reason that we recommend the titanium based chemistry for longer-term projects as has far lower operational cost. Year 1 Year 2 Year 3 Year 4 Year 5 Year 6 Year 7 Year 8 Year 9 Year 10 +€25.79 -€6.87 +€233.91 ​annualized ROI (years) = (Net Return on Investment/Cost of Investment ​×100%)​^(1/years) ROI (years) = (Net Return on Investment/Cost of Investment ​×100%) ROI (years) = (Net Return on Investment/Cost of Investment ​ ( ​ × ​^(1/years)"
https://volstora.com/battery-throughput/,10/23/2023 16:25,"Battery Throughput Comparing Battery Cost Per KWh (Throughput) Cumulative KWh Stored Relative Risk Of 3-Year Premature Failure Chart conventions DEGRADATION VOLSTORA SUPERTITAN JOE’S BATTERY SOAP’S BATTERY OVERALL Throughput is the amount of energy a battery stores and releases. Throughput is measured in kWh and is referred to as charging and discharging. Degradation is the business case killer for its compounding effect on reducing the future energy storage revenue. The two questions are what is the calendar life and what is the cycle life of the storage in question. 22000+ cycles at 100% DoD 1% yearly degradation 98% Round-trip efficiency €500/kWh 4000 cycles at 90% DoD €300/kWh 3000 cycles at 80% DoD €200/kWh We are comparing 3 different batteries looking at their main properties. We will assume that the batteries will be used every day. Note that some of the cycles are not at 100% DOD which means that the actual price per usable kWh is slightly higher. For example, Soap’s battery must be sized 25% larger to have a usable kWh which is €200/0.8 = €250/kWh. Note that the battery end-of-life is at 70% by which the battery will have much faster degradation and potentially some heating issues. The battery throughput is calculated above for 1 cycle per day and taking the degradation and efficiency into account. Note how the Soap battery (red) although least expensive has a markedly lower throughput. The Joe battery (green) performs quite well up to year 10 but is then end-of-life. Effective cost per kWh cost / Year 5 cost / Year 7 cost / Year 10 cost / Year 12 €500 €0.288 (1734kWh) €0.208 (2403kWh) €0.148 (3380kWh) €0.125 (4013kWh) €0.10 (4936kWh) €330 €0.205 (1610kWh) €0.151 (2181kWh) €0.111 (2956kWh) – €250 €0.168 (1489kWh) €0.144 (1734kWh) From this picture it would seem that the Joe’s battery is most attractive for the overall energy storage system and the Soap’s battery is only effective for short-lifetime applications up to 7 years. However, energy storage is built with more than the base cost of batteries which can skew the overall price per kWh. Battery cost Complete system installation Total Total cost / Year 10 kWh €210000 €53000 €263000 €0.155/kWh €0.107/kWh €165000 €218000 €0.147/kWh €125000 €178000 €0.205/kWh Notice that initially, Soap’s battery is 70% cheaper than Volstora and Joe’s battery is 21% cheaper but on a system level over 10 years, Joe’s battery is 5% cheaper and Soap’s battery is 25% more expensive! The risk with Joe’s battery is quite high, as one year of premature failure will increase the cost per kWh over 10 years by 9%. For many projects, such a high performance risk will outweigh the reward. The Volstora storage system has a far larger safety margin as the lifetime and performance of titanium storage is more than double what LFP batteries can achieve. This is important because risk in energy storage is a major issue and the chart below illustrates the difference in risk. Year 11 Year 12 Year 13 Year 14 Year 15 250 500 750 1000 1250 1500 1750 2000 2250 2500 2750 3000 3250 3500 3750 4000 4250 4500 4750 5000"
https://volstora.com/fleet-electrification-all-electric-future-with-sustainable-charging/,10/23/2023 16:25,"Fleet Electrification The All-Electric Future? Electric vehicles are set to take over internal combustion engines due to lower cost, decarbonization, and the fact that they can be sustainably powered. Typical diesel vans cost €0.09/km but using grid-charged electric vans costs €0.05/km. However, the significant challenge remains how governments and companies can use existing infrastructure to supply the intense needs of electric charging. A hybrid system consisting of solar and battery energy storage can immediately help decrease the cost of electricity and aid in providing the additional load for EV charging stations. This system is also an attractive investment opportunity while avoiding expensive grid infrastructure upgrades. The logistics company has a daily office consumption of 400 kWh which relies mainly on the grid. Due to recent purchases of EV’s for delivery and increasing costs of electricity from the grid, the company is looking at constructing a charging station for the delivery vans. After investigating the location, load profile, and local government policies, a customer-specific load profile is made as shown below. The blue line represents the electric charging load which has to charge up to 30 vehicles within an 8-10 hour window before morning. Using very accurate simulation software, Volstora identified a 1500kWh energy storage system with a 500kWp of solar panel installation as effective for the customer and reduces the cost of electricity to €0.05 /kWh. The customer would produce up to 617 MWh using the hybrid solar and storage system and would only require a backup system for the remaining 35 MWh with maximum power requirement from the grid during December, January, and March between 23:00 – 02:00. The initial cost of solar installation is estimated as € 0.4/Wp and the cost of complete ESS including the solar inverter results in a total investment of € 700,000. The cost of electricity from the grid is € 0.18/kWh with a 5.2% annual tariff increase and a feed-in tariff of €0.05/kWh. Instead of spending an estimated €100,000 to increase the grid capacity, the customer has a sustainable system that can charge without overloading the grid connection. The payback This data puts the system’s payback period at 4.8 years with an approximate annualized ROI of 7.4%. Additionally – Volstora has stable titanium chemistry that is inert. Safety is best demonstrated in the video available here. Problem – Electric vehicle charging puts strain on existing infrastructure and increases electricity costs. Process – Volstora analyzed system sizing to avoid infrastructure upgrades and maximize self-consumption Results – The system energy price was reduced from €0.16/kWh to €0.05/kWh which is a cost per km of approximately €0.012! 100 125 150 175 200 225 Volstora reduces cost of electricity using renewables Energy storage prevented expensive grid upgrades 4.8 year payback / 7.4% annual ROI project"
https://volstora.com/myths-and-challenges-of-energy-storage/,10/23/2023 16:25,"Myths & Challenges Challenges Of Energy Storage Myths Of Battery Energy Storage Business Case Of Energy Storage A QUICK DEFINITION OF TERMS: THE MANY FACES OF ENERGY STORAGE. CONCLUSION Analyzing the financial study of energy storage is an enormous task and contains significant risk. Solar panels have been demonstrated to perform reliably for decades and operate relatively simply with a one-directional flow of energy. However energy storage has several deeper layers of operation that may be overcomplicated. Batteries remain electrochemical devices with bidirectional power flow, and a very different set of benefits and more complex off-takers. Also do not forget the shocking 75% failure rate in one public trial in Australia. The purpose of this section is to demonstrate some of the tricks and pitfalls of energy storage financial analyses. Battery cycles do not equal lifetime. A battery with a claim 8000 cycles does not equal a lifetime of 8000/365 = 22 years. Unfortunately, lithium batteries are highly reactive chemical tanks that have calendar aging alongside cyclic aging. This means that a battery from the date of manufacture has a limited lifetime. Calendar aging limits the useful lifetime of most LFP and NCA batteries long before their cycle limits will be reached. Reference There is unfortunately a lot of battery pack manufacturers who will liberally claim design lifetime and several thousands of cycles of battery use far exceeding the original cell manufacturer specifications. There is no method of extending battery pack cycles past the cell specifications. There is also no way that two LFP batteries from different manufacturers will have a large difference in cycle-life or calendar life, as the underlying chemistry is the same. The reality is that a battery pack consisting of hundreds of cells will likely have fewer cycles and a shorter lifetime as the tolerances causes battery pack performance to diverge. An analogy is that a chain of several hundred links is not stronger than the weakest link in the fence. Batteries have a fairly linear degradation in the initial lifetime phase. However, the internal resistance of the battery increases exponentially as the battery is aging which can lead to dendrites and short-circuits within the cell. This causes more heat, higher degradation, is unsafe to use, and is the main reason why batteries are consistently replaced at 70% or 80% of their “end-of-life” capacity instead of running them to the ground. This is the main reason why large energy storage companies avoid 2nd life or recycled EV batteries, it is simply too dangerous, unpredictable, and such energy storage projects run serious performance risks. It is much better to simply recycle and have a predictable performance from newly manufactured cells. EV batteries such as LFP and NCA are designed for minimal cost, weight, size, and have very light actual usage in electric vehicles. Grid storage requires high utilization and reliable long-term operation. For example, a standard Tesla has an 8-year battery warranty with 70% capacity for 100,000 miles. A full 100% use of the battery is about ~270 miles which means the 100,000 miles is equivalent to ~400 cycles. During these 8 years, this calendar aging and cyclic aging can result in as much as 30% loss of capacity. Reusing batteries for storage as 2nd-life storage expecting the same battery as what is in the EV to then last 4000 cycles and 10 years is quite remarkable!"
https://volstora.com/island-hybrid-system/,10/23/2023 16:25,"Island Hybrid System Hybrid With Grid, Generator, Solar, And Batteries Hourly PV Production Vs User Consumption User Consumption Base Case - 0% User Consumption With Solar Only - 37% User Consumption With Hybrid - 94% Data types Islands in many cases have an unreliable grid which forces businesses to rely on alternate forms of energy such as diesel generators for backup. This increases the high electricity cost even more since the cost of diesel is volatile and increasingly expensive. Diesel costs € 1.50 /liter today which produces up to 4kWh of electricity which results in a price of € 0.375/kWh. In such an expensive scenario, a battery energy storage system combined with solar can immediately help decrease the cost of electricity and provide backup during grid blackouts. One such example is explained below for a Zenon Energy customer on the island of Aruba. A combination of restaurants, a warehouse, and a tennis court has a yearly consumption of 141 MWh which relies mainly on the grid. The increasing cost of electricity and frequent blackouts forced the customer to a hybrid solution. After investigating the location, area availability, load profile, and the local government policies, a 100 kWp solar installation is recommended. The load and solar peak can be seen in the picture below for different seasons throughout the year. As can be seen above, the PV output is quite limited to a small window during the day whereas the user has peak energy demand at 4pm. Using the industry-standard PVsyst software with iterative simulations, Zenon identified a 250kWh energy storage system as effective for the customer and reduces the cost of electricity to €0.06 /kWh. The customer would produce up to 132.1 MWh using the hybrid solar and storage system and would only require a backup system for the remaining 8.9 MWh with maximum power requirement from the grid during October, November, and December in between 16:00 – 18:00. Under these conditions of peak and non-peak hour tariff for grid consumption, the Zenon battery is programmed to provide energy during the peak hours thus improving the case study. Previously the grid provided the majority of power with a generator as backup for an overall cost of €0.257/kWh. The solar helps replace approximately 40% of the energy requirement but the generator and grid use is still significant for an overall power cost of €0.18/kWh. The hybrid system reduces 94% of grid and generator use for an overall electricity cost of €0.07/kWh. Typical commercial batteries have a payback of 5-7 years which makes the system unfeasible. However, the Zenon system provides an attractive ROI due to the extremely low degradation and lifetime that matches the solar investment. Additionally – Zenon Energy has stable titanium chemistry that is inert. Safety is best demonstrated in the video available here. Problem – remote power is expensive and unreliable, and typical battery systems have unattractive lifetimes for the customer. Process – Zenon used situation-specific analysis to determine the most attractive system sizing Results – The energy price was reduced from €0.26/kWh to €0.07/kWh with a project ROI of 420% Revolutionary energy infrastructure. 1 2 4 5 6 7 8 9 10 11 12 13 14 15 16 17 18 19 20 21 22 23 24 0 25 30 35 40 45 50 55 60 65 70 75 80 Zenon Energy builds remote island hybrid systems Solar is not enough for effective electricity savings 420% ROI / 5.4 year payback using Zenon storage Linkedin-in Twitter Instagram Youtube"
http://zenon.energy,10/23/2023 16:25,"Revolutionary Energy Infrastructure Energy Transformation Dedicated To Complete Solutions. Our Cell To System Process Scalability Replicable Case Studies What Others Say Our Location Contact Information Duan van t Slot– Founder & CEO Other Pages Quick Links Newsletter INTRODUCING THE NEED FOR ENERGY STORAGE WHY CHOOSE US OUR PROCESS OUR RANGE ANALYSIS PARTNERS AND ASSOCIATIONS TESTIMONIALS We value your privacy We use cookies to enhance your browsing experience, serve personalized ads or content, and analyze our traffic. By clicking ""Accept All"", you consent to our use of cookies. We use cookies to help you navigate efficiently and perform certain functions. You will find detailed information about all cookies under each consent category below. The cookies that are categorized as ""Necessary"" are stored on your browser as they are essential for enabling the basic functionalities of the site. ... Show more Necessary cookies are required to enable the basic features of this site, such as providing secure log-in or adjusting your consent preferences. These cookies do not store any personally identifiable data. Functional cookies help perform certain functionalities like sharing the content of the website on social media platforms, collecting feedback, and other third-party features. No cookies to display. Analytical cookies are used to understand how visitors interact with the website. These cookies help provide information on metrics such as the number of visitors, bounce rate, traffic source, etc. Performance cookies are used to understand and analyze the key performance indexes of the website which helps in delivering a better user experience for the visitors. Advertisement cookies are used to provide visitors with customized advertisements based on the pages you visited previously and to analyze the effectiveness of the ad campaigns. We develop and build complete and powerful energy storage systems enabling businesses to achieve grid independence. Phone : +44 (0) 20 8798 0420 Email : hello@volstora.com Leemansweg 7, 6827BX, Arnhem The transition to renewable energy generation requires battery storage to overcome grid issues and maximize grid independence. However, traditional energy storage systems struggle to match expectations with real-world demands and obsolescence. Volstora designs and builds tailored energy storage systems from cell to system, to match each customer’s needs and energy demands. Volstora finds the balance across the electricity energy value chain to de-risk renewable energy investment. Our systems accomplish renewable ambitions by being safe, reliable, and practical. Our energy storage infrastructure is built completely in-house in the Netherlands. We ensure that our distributors and customers are proud to have a market-leading system with future-proof technology and an insightful monitoring platform to navigate the ever-changing landscape of electricity and renewable energy. We offer turnkey solutions, including after-installation maintenance services. Each system build starts with a single cell. Our core focus lies in containerized autonomous systems from a minimum of 270kWh up to arrays of several MWh. Individual or battery banks designed for any purpose. We build self-contained units fully transportable and weatherproof. We work with EPC partners to deliver on projects that require specialized construction, logistics, and operation. Volstora has over 20MWh of active energy storage systems in the field and case studies available to consider. We are part of the global renewable energy community. Feedback from our partners and customers: The team's dedication to quality and innovation sets them apart. Couldn't be happier with the service we received! Netherlands We have no doubts about the capabilities of the product or the team behind Volstora. I cannot stress enough how the lifetime and innovation on storage of Volstora is a breath of fresh air in a saturated market. South Africa Our system worked at full power during the latest heatwave. Hugely impressed with the system's capabilities, even under tough conditions! Volstora B.V. is a member of Energy Storage NL Copyright © 2023 All rights reserved. Customize Consent Preferences Always Active Contact Us – Founder & CEO Performance optimization Quality assurance Innovation and R&D Volstora proprietary technology Up to date, latest NEN certifications OUR TECH ALL PROJECTS 8 to 10 3 ~ Lead project manager Netherlands ~Major solar developer Netherlands ~Project Developer South Africa ~Major tower operator Netherlands ~Project Manager Netherlands hello@volstora.com +44 (0) 20 8798 0420 Home About Us Products Projects Contact Privacy Policy Term & Conditions Case Studies"
https://www.adaptive-balancing.de/presse-und-news/,10/23/2023 16:25,"Presse Pressespiegel Downloads Ihr Kontakt für weitere Informationen: Kirsten Jahn ADAPTIVE ist auf der Real Estate Arena 2023 in Hannover Erstes Test-Laden für Ultra-Schnellladen im ÖPNV erfolgreich abgeschlossen Neuen Standard setzen für barrierefreies und sicheres Bezahlen beim ad-hoc-Laden Wir wünschen einen guten Rutsch in das neue Jahr 2023 Adaptive Balancing Power wünscht ein frohes Fest Die Highlights vom 13. Fachmarktimmobilien-Kongress mit ABP Ultraschnelle Ladelösungen für E-Fahrzeuge werden zum Standort-Booster für Fachmarktzentren ABP gewinnt internationalen Transforming Mobility Award ABP auf dem Fachmarktimmobilienkongress mit Expertentalk zum Thema: Fachmarktzentrum ohne E-Mobilität = Immobilie ohne Zukunft? ABP im Interview mit 50,2 – dem Magazin für intelligente Stromnetze Adaptive Balancing Power ist Finalist beim Award „Transforming Mobility 2022“ ADAPTIVE Balancing Power schließt Umzug an neuen Pfungstadt ab und verdoppelt Produktionsfläch ADAPTIVE Balancing Power holt Kirsten Jahn als Lead Market Entry & Portfolio an Bord ADAPTIVE Balancing Power beim CleanElectric-Podcast ADAPTIVE Balancing Power beim Starke Stimmen-Interview vom Bundesverband eMobilität Lösung für Mobilitätswende in der Fläche: Der ÖPNV wird jetzt auch auf dem Land elektrisch Ultra-Schnellladen im Gewerbepark: VarioPark setzt auf Adaptive Balancing Power Adaptive Balancing Power ist auf der AEE Fachtagung 2022 Smart Charge Boost: Adaptive Balancing Power stellt ultraschnelles und flexibles Laden für E-Fahrzeugflotten vor Adaptive Balancing Power auf der Flotte! 2022 E-Mobility. Fast Charging. Now. – Unsere Vision als Slogan Ultraschnelles Laden überall: Adaptive Balancing Power und BEM arbeiten zusammen BVES veröffentlicht Positionspapier zum Ausbau von Schnellladeinfrastruktur mit Pufferspeichern Adaptive Balancing Power holt sich Senior Sales Manager Florian Fröhlich ins Cockpit Adaptive Balancing Power wird Mitglied im BVES Darmstädter Oberbürgermeister Jochen Partsch besucht Adaptive Balancing Power Adaptive Balancing Power startet erste Tests für Schnellladen im öffentlichen Nahverkehr Adaptive Balancing Power stellt seinen Hochleistungs-Energiespeicher AMPERAGE HPC-Booster für die Elektromobilität vor Adaptive Balancing Power ist auf der Power2Drive Restart 2021 Adaptive Balancing Power feiert 5-Jähriges Jubliäum Adaptive Balancing Power steigt in die Ultra-Schnellladeinfrastruktur von Elektrofahrzeugen ein Freuen Sie sich auf den Vortrag von Kirsten Jahn zur Zukunftssicherheit von Standorten mit E-Mobilität auf der Surprise Bühne. Außerdem haben wir unsere Ladestele live vor Ort zum Anschauen und Anfassen. Unsere Expertenteam berät Sie gerne. Weniger als 7 Tage bis zur Real Estate Arena 2023, Deutschlands neue Immobilienmesse. Vor Ort hält unser Head of Market Entry, Kirsten Jahn um 10:45 Uhr einen Vortrag auf der Surprise-Bühne: Sie erfahren, warum E-Mobilität am eigenen Standort von Handelsimmobilien wichtig für das Jetzt und für die Zukunft ist. Außerdem geht es darum, wie Schnellladelösungen auch schnell Realität werden – alles übrigens ohne zusätzlichen Trafo und auf Wunsch ohne Eigeninvest. Die Temperaturen werden wieder sommerlicher. Damit beginnt auch unser Messejahr. In weniger als zwei Wochen werden wir auf der Real Estate Arena 2023 sein – Deutschlands neue Immobilienmesse. Mit Hannover als Messestandort ideal gelegen, auch auf der Durchreise. Vor Ort zeigen und erläutern wir, wie Handelsimmobilien mit Hochleistungs-Ladepunkten zukunftssicher weiterentwickelt werden. Mittelständische Busunternehmen bilden im suburbanen Raum eine wichtige Säule des ÖPNV. Die Elektrifizierung entlang der Strecke stellt Stromnetzbetreiber und Verkehrsgesellschaften jedoch vor große Herausforderungen. Im Rahmen des Projektes „Buffered-Hochleistungsladen“, kurz BHLL, wird in Bensheim an der Bergstraße am ZOB eine neuartige Pantographen-Schnellladestation installiert, die durch den Einsatz unseres kinetischen Hochleistungs-Energiespeicher die eBusse auch ohne Ausbau des Stromnetzes mit hoher Leistung nachladen kann. Adaptive Balancing Power GmbH, DAFÜR GmbH und CuroCon GmbH haben ihre Zusammenarbeit bekannt gegeben. Das Ziel der Unternehmen ist die Einführung von flexiblen und sicheren Zahlungs- und Abrechnungslösungen beim spontanen Ad-hoc-Laden. Die DAFÜR GmbH stattet Adaptive Balancing und CuroCon im Rahmen der Zusammenarbeit mit dem eigens entwickelten und aktuell fortschrittlichsten Charge Billing & Payment System (CBPS) am Markt aus und schließt so die Lücke zwischen dem Charge Station Management System (CSMS) und dem Backend des Charge Point Operators (CPO). Zum Jahresende halten wir es kurz und wünschen einen Guten Rutsch in das Jahr 2023. Ein ereignisreiches Jahr endet demnächst mit vielen positiven und leider auch den bekannten internationalen Entwicklungen. In den letzten beiden Tagen fand DER Kongress für Fachmarktzentren und EH Immobilien in Deutschland statt. Danke an das Team der dfv Conference Group für die einwandfreie Organisation und nette Atmosphäre! Mit rund 200 Teilnehmern, spannenden Keynotes und unserem Experten-Treff zur Elektromobilität mit Florian Fröhlich hatten wir nicht nur spannende Gespräche und nette Begegnungen, sondern haben auch wichtige Learnings mitgenommen Die Assetklasse Fachmarktzentrum (FMZ) war in den letzten Jahren ein Garant für starke Immobilienrenditen. Das könnte sich gerade für viele Bestandsobjekte ohne konkrete E-Mobilitätslösungen schon sehr bald ändern. Denn ohne Schnelllademöglichkeiten Lademöglichkeiten vor Ort, die sich nahtlos in den Alltag integrieren lassen, drohen viele Bestandsimmobilien zu Stranded Assets zu werden, zu Vermögenswerten, die dauerhaft von Wertverlusten bis hin zum Totalverlust gekennzeichnet sind. Mit Blick auf das Inkrafttreten des Gebäude-Elektromobilitätsinfrastruktur-Gesetz und hochlaufenden Neuzulassungen für E-Fahrzeuge, läuft vielen FMZ-Managern und Flächenentwicklern die Zeit weg. Adaptive Balancing Power (ABP) hat den internationalen Award Transforming Mobility gewonnen. Das Unternehmen ermöglicht ultraschnelles Laden von E-Fahrzeugen in nur wenigen Minuten in der Stadt und in suburbanen Räumen, ohne Mittelspannung und Trafobau, selbst dann, wenn kein für Ultra-Schnellladen ausreichendes Stromnetz vorhanden ist. #Fachmarktzentrum ohne E-Mobilität = Immobilie ohne Zukunft? Wir glauben: Ja. Am 23./24. November veranstaltet die dfv Conference Group den 13. Deutschen #Fachmarktimmobilienkongress. Hier halten wir einen Experten-Talk mit Florian Fröhlich: Sie erfahren, wie Schnelllade-Lösungen auch schnell Realität werden – und damit ein echtes Plus für Fachmarktzentren sind. Hohe Ladeleistung ist für verschiedene Bereiche der Elektromobilität ein essentieller Faktor. Doch wie soll man solche Leistungen ermöglichen, wenn das Stromnetz nicht ausreicht und teuer ausgebaut werden muss? Mit unserem Ladesystem inklusive kinetischem Energiespeicher! Im Interview mit 50,2, dem Magazin für intelligente Stromnetze erklärt unser Kollege Kevin Bohla die Besonderheiten unserer Hoch-Technologie und die Anwendungsgebiete der Ultra-Schnellladelösung innerhalb der Elektromobilität. Vom 28.-30. Oktober ist es wieder Zeit für das e4 TESTIVAL als ultimate Driving Experience für neue Mobilität. Im Rahmen der Messe am Hockenheimring findet auch die Preisverleihung zum Award „Transforming Mobility 2022“ statt – und Adaptive Balancing Power ist als Finalist ein Teil davon. Mit unserer Ultra-Schnellladelösung ermöglichen wir das Laden von E-Autos in nur wenigen Minuten in der Stadt und in suburbanen Räumen, selbst dann, wenn keine Schnellladeinfrastruktur vorhanden ist. Die Nachfrage nach ultraschnellen Speicher- und Ladesystem wächst rasant. Um auf diesen Trend zu reagieren, haben wir nun erfolgreich unseren Produktionsstandort und Büros von Darmstadt nach Pfungstadt verlegt und erweitert. Mit dem Umzug in das neue Multifunktionsgebäude im Industriegebiet Nord-Ost in Pfungstadt haben wir unsere Produktionsfläche verdoppelt mit Optionen auf weitere Ausbaumöglichkeiten. Der Markt der Elektromobilität und der notwendigen #Ladeinfrastruktur ist hochdynamisch. Um diesem Wachstum gerecht zu werden, verstärken wir uns ab sofort mit Kirsten Jahn. Diesmal gibt es etwas auf die Ohren. In der neuen Episode des bekannten E-Mobility Podcast von CleanElectric sind Dr. Hendrik Schaede-Bodenschatz und Kevin Bohla von unserem Team zu Gast. In der Podcast-Episode wird unter anderem über die Einsatzzwecke und Besonderheiten unserer Ultra-Schnellladelösung gesprochen, wie unser Hochleistungs-Schwungmassenspeicher funktioniert und die Geschichte hinter ADAPTIVE. Der BEM | Bundesverband eMobilität e.V. stellt in seiner Video-Kampagne „Starke Stimmen für die Neue Mobilität“ engagierte Mitgliedsunternehmen und ihre nachhaltigen Geschäftsideen vor. Da durften wir als ADAPTIVE selbstverständlich nicht fehlen. Im Video-Interview mit Kollege Kevin Bohla erfährt man, wie unser kinetischer Hochleistungs-Energiespeicher funktioniert, wie lange 100 km nachladen von E-Autos mit unserer ADAPTIVE Smart Charge Boost-Lösung dauert und vieles mehr. Mittelständische, gewerbliche Busunternehmen bilden im ländlichen Raum eine wichtige Säule des öffentlichen Personennahverkehrs (ÖPNV). Die Elektrifizierung entlang der Strecke stellt Stromnetzbetreiber und Verkehrsgesellschaften jedoch vor große Herausforderungen. Deswegen haben wir zusammen mit einem Konsortium aus Forschung und Wirtschaft mit dem Bau eines neuartigen Speicher- und Ladenetzes für Elektrobusse im ländlichen Raum begonnen. In Bensheim an der Bergstraße wird am Omnibus-Bahnhof (ZOB) eine neuartige Pantographen-Schnellladestation (High Power Charger) installiert, die eine sichere, wirtschaftliche und flexible Zwischenladung von Elektrobussen ermöglicht. Das Besondere: durch den Einsatz moderner Hochleistungs-Schwungmassespeicher können die E-Busse auch ohne Ausbau des Stromnetzes auf der Fahrstrecke geladen werden. Wie gut der Umstieg auf die E-Mobilität gelingt, hängt stark von der Ladeinfrastruktur und insbesondere von der verfügbaren Ladegeschwindigkeit ab. Gerade gewerbliche Nutzer von Elektrofahrzeugen sind oft auf kurze Ladezeiten, also auf ultraschnelles Laden an möglichst vielen Ladepunkten, angewiesen. VarioPark projektiert und entwickelt Gewerbeparks mit hohem Anspruch an Nachhaltigkeit. Anlieger, Mieter und Besucher sollen in den Parks jetzt die Möglichkeit zum Laden ihrer Elektrofahrzeuge in Minuten statt Stunden bekommen. Deshalb hat sich VarioPark für das Ladesystem für Ultra-Schnellladen von Adaptive Balancing Power entschieden und setzt aktuell ein Projekt im rheinland-pfälzischen Frankenthal um. Weitere sollen folgen. Mobilität wird zunehmend elektrisch und trägt zur Energiewende bei. Damit sind durch die EU Clean Vehicles Directive aber auch neue Anforderungen an die ÖPNV-Unternehmen insbesondere an deren elektrische Infrastruktur verbunden. Wie schnell und einfach Streckenladen per Pantograph umgesetzt werden kann, ohne starken Stromanschluss und Transformator, zeigt unser Kollege Florian Fröhlich auf der 10. VDV AEE Fachtagung 2022 vom 05. bis 06. Juli in Berlin. Immer mehr Unternehmen stellen ihren Fuhrpark auf Elektromobilität um – aus wirtschaftlichen, ökologischen, rechtlichen und sozialen Gründen. Aber auch, weil viele Länder planen, Verbrennungsmotoren zu verbieten und Steuervorteile für aufladbare Fahrzeuge zu verlängern bzw. einzuführen. Die Herausforderung dabei ist, die Ladevorgänge für die E-Fahrzeuge immer flexibel und bedarfsgerecht zu organisieren. Auf der „Flotte! Der Branchentreff“ stellen wir am 1. und 2. Juni 2022 in Düsseldorf erstmals eine All-in-One-Lösung inklusive Ladesäule für flexibles und bedarfsgerechtes Laden für Firmenflotten vor. In weniger als 4 Wochen geht es los. Flotte! – Der Branchentreff startet am 01. Juni in der Messe Düsseldorf GmbH und Adaptive Balancing Power ist ein Teil davon! Freuen Sie sich auf die Mobilitätslösung für hohe Verfügbarkeit, Energieffienz und FastCharging an Ihrem Standort für die gewerbliche E-Fahrzeugflotte. Wo? „Flotte! – Der Branchentreff“, Düsseldorf, Stand G8B. Sie haben noch kein Ticket? Dann melden Sie sich einfach per Mail und „Flotte2022“ unter vertrieb@adaptive-balancing.de. Wir freuen uns auf einen tollen Austausch. Wir haben und leben eine Vision – was steckt dahinter? – 𝐄-𝐌𝐨𝐛𝐢𝐥𝐢𝐭𝐲: Wir unterstützen die E-Mobilität. Unabhängig ob z.B. PKW, Bus oder LKW. Dafür ermöglichen wir die notwendige Ultra-Schnellladeinfrastruktur überall. In der Stadt wie auf dem Land, im Unternehmen wie auch in der Öffentlichkeit. – 𝐅𝐚𝐬𝐭 𝐂𝐡𝐚𝐫𝐠𝐢𝐧𝐠: Unser Fokus liegt auf maximaler Ladeleistung. In kürzester Zeit sollen die Fahrzeug-Batterien wieder aufgeladen werden. – 𝐍𝐨𝐰: Wir möchten nicht bis 2030 warten. Wir wollen keine Zeit verstreichen lassen. Wir handeln und ermöglichen – jetzt. Aktuell treten wir in eine neue Wachstumsphase ein. Um diese fortzusetzen sind wir ab sofort Mitglied des Bundesverband eMobilität e.V. (BEM) und stärken unser eigenes Netzwerk. „Schnellladeinfrastruktur in entsprechender Größenordnung stellt eine große Herausforderung an die Versorgung mit der dafür notwendigen Ladeleistung dar. Verkehrstechnisch relevante Standorte für neue Ladestationen sind nicht immer netztechnisch ausreichend angebunden.[…] Pufferspeicher stellen hierfür jeweils grundsätzlich eine Lösung dar, und sie erhöhen die Anzahl möglicher Ladepunkte signifikant.“ Adaptive Balancing Power wächst und wir freuen uns über Florian Fröhlich als unseren neuer Senior Sales Manager. Florian Fröhlich wechselt von einem führenden Systemhaus für neue Mobilität zu ABP. Als Key Account Manager sammelte er bereits bundesweit Erfahrungen in der Umsetzung von Mobilitäts- und Ladeinfrastrukturprojekten. Davor verantwortete er bei einem Start-Up für E-Carsharing die Bereiche Marketing und Vertrieb. Seit diesem Monat sind wir Mitglied beim Bundesverband Energiespeicher Systeme e.V. (Kurzform: BVES). Zusammen mit den anderen Mitgliedern des Verbandes setzen wir uns für eine effiziente und diskriminierungsfreie Förderung von Energiespeichern in der Ladeinfrastruktur ein. Zudem streben wir schnelle und transparente Genehmigungsprozesse bei Netzbetreibern an, um zügiger Ladeinfrastruktur aufbauen zu können. Die Zukunft der Mobilität ist elektrisch. Wie zügig der Umstieg vom Verbrennungsmotor auf E-Mobilität gelingt, hängt vor allem von der Ladeinfrastruktur ab. Wir ermöglichen mit unserem Hochleistungs-Energiespeicher das Ultra-Schnellladen auch dort, wo nicht die notwendigen Stromleitungen vorhanden sind. Darüber informierte sich am letzten Dienstag auch der Darmstädter Oberbürgermeister Jochen Partsch und konnte die Schnellladelösung direkt im Einsatz testen. Speziell im öffentlichen Nahverkehr ist der Bedarf nach hochfrequentem Ultra-Schnellladen groß. Als Gegenentwurf zum Depot-Laden wird beim Streckenladen der Bus während der Aus- und Einstiegszeit der Fahrgäste via Pantograph geladen oder z.B. an Wendeschleifen via CCS-Steckverbindung. Schnellladen in einer Kaffeelänge: Adaptive Balancing Power stellt einzigartigen Flywheel-Hochleistungsspeicher auf der E-Mobility Messe Power2Drive vor. Mit dem AMPERAGE Charge100 können Elektrofahrzeuge bereits mit einem üblichen 63 Ampere Starkstrom-Anschluss in nur wenigen Minuten für die nächsten 100 Kilometer geladen werden. Eine fast vollständige Ladung des Fahrzeuges dauert in etwa nur so lange, wie ein täglicher Supermarkteinkauf (20 bis 30 Minuten). Kurz nach der IAA Mobility steht München im Rahmen der internationalen Fachmesse wieder im Zentrum rund um das Thema Elektromobilität und Ladeinfrastruktur. Adaptive Balancing Power ist vor Ort auf dem Stand B6.534. Im August 2016 entstand die Adaptive Balancing Power GmbH unter der Leitung von Hendrik Schaede-Bodenschatz und Nicolai Meder als Ausgründung der Technische Universität Darmstadt. Ziel des Unternehmens war die Kommerzialisierung von Schwungmassenspeichern der 4. Generation, an denen unsere Gründer seit 2009 forschten. Nach einem Jahr intensiver Entwicklungsarbeit und Planung können wir stolz unseren Einstieg in die Elektromobilität verkünden. Mithilfe des Adaptive AMPERAGE Schwungmassenspeichers wird das Ultraschnellladen mit bis zu 300 kW nahezu überall auf eine netzdienliche Weise ermöglicht. Damit tragen wir unseren Teil zu einem schnellen Ausbau der Elektromobilität bei, egal ob auf dem Land oder in der Stadt. Mehr Artikel Weniger Artikel 22.06.2023 Bensheim: Premiere eines Pantografen-Laders mit Schwungmassespeicher electrive.net 05.05.2023 Jolt Energy will Stromtankstellen in die Städte bringen (mit Nennung von Adaptive Balancing Power) handelsblatt 20.02.2023 Konsortium entwickelt Lösung für barrierefreie Zahlung an Ladesäulen electrive.net 19.11.2022 Rennen um Energiespeicher – oder warum eine Taschenlampe uns das Problem erklärt CAPITAL 08.11.2022 Speicher mit Schwung 50,2 online 27.09.2022 ABP verlegt Unternehmenssitz und weitet Produktion aus electrive.net 11.09.2022 ADAPTIVE im CleanElectric Podcast CleanElectric 05.08.2022 Konsortium testet Pantographen-Schnelllader für E-Busse im ländlichen Raum ecomento 06.07.2022 Projekt zur Elektrisierung des ÖPNV auf dem Land energiezukunft 23.06.2022 E-Mobilität: Ultraschnell laden im Gewerbepark – VarioPark setzt auf Adaptive Balancing Power Flotte.de 02.06.2022 Hessen bauen genialen Stromspeicher: Die Idee stammt aus dem Mittelalter EFAHRER.com 30.05.2022 ABP zeigt Ladestation mit Schwungmassenspeicher für Flotten-Ladelösung electrive.net 27.05.2022 „Adaptive Balancing Power“ bietet Lösungen für E-Fahrzeugflotten MOTORMOBILES 16.05.2022 Interview mit Dr. Hendrik Schaede-Bodenschatz Solarnative 04.05.2022 Speicher liefern Leistung Photovoltaik 16.02.2022 Überall in Höchstgeschwindigkeit laden Frankfurter Allgemeine Zeitung 15.02.2022 Mehr E-Ladepunkte für Darmstadt Darmstädter Echo 09.02.2022 Wie Zwischenspeicher helfen E-Autos schneller zu laden Frankfurter Allgemeine Zeitung 21.12.2021 Intelligente Netze, kurzfristige Speicher, Power-to-Gas – Diese Technologien sind entscheidend für die Klimawende Handelsblatt 11.10.2021 Adaptive Balancing Power stellt Schwungmassenspeicher für HPC vor electrive.net 11.10.2021 Stromnetzunabhängige Schnellladelösung für E-Mobilität elektrotechnik (Vogel Verlag) 06.10.2021 Adaptive Balancing Power stellt Energiespeicher auf Power2Drive vor 50komma2 Pressemitteilung – Baubeginn Ultraschnellladen von E-Bussen in Region Bensheim (PDF, 252 kb) Pressemitteilung – Power2Drive 2023: ADAPTIVE stellt Hochleistungsladen vor (PDF, 219 kb) Pressemitteilung – Ultraschnelle Ladestationen von ADAPTIVE machen Immobilien zukunftsfähig und profitabel (PDF, 275 kb) Pressemitteilung – Konsortium setzt neuen Standard für barrierefreies und sicheres Bezahlen beim ad‐hoc‐Laden (PDF, 171 kb) Pressemitteilung – Ultraschnelle Ladelösungen für E-Fahrzeuge werden zum Standort-Booster für Fachmarktzentren (PDF, 174 kb) Pressemitteilung – ABP gewinnt internationalen Transforming Mobility Award (PDF, 307 kb) Pressemitteilung – Kirsten Jahn wechselt zu ABP Power und treibt Markteintritt voran (PDF, 200 kb) Pressemitteilung – Lösung für Mobilitätswende in der Fläche: Der ÖPNV wird jetzt auch auf dem Land elektrisch (PDF, 281 kb) Pressemitteilung – VarioPark setzt auf Ladesystem Smart Charge Boost von Adaptive Balancing Power (PDF, 197 kb) Pressemitteilung – Smart Charge Boost: Adaptive Balancing Power stellt ultraschnelles und flexibles Laden für E-Flotten vor (PDF, 280 kb) Positionspapier BVES – Errichtung von Ladestandorten ohne Netzausbau durch Ladestationen mit Pufferspeicher (PDF, 152 kb) Pressemitteilung – Adaptive Balancing Power holt sich Senior Sales Manager Florian Fröhlich ins Cockpit (PDF, 145 kb) Pressemitteilung – Adaptive Balancing Power wird Mitglied im Bundesverband Energiespeicher (BVES) (PDF, 132 kb) Pressemitteilung – Darmstädter OB Jochen Partsch besucht Adaptive Balancing Power (PDF, 137 kb) Pressemitteilung – Schnellladen in einer Kaffeelänge (PDF, 220 kb) Faktenblatt (Deutsch) – Adaptive Balancing Power (PDF, 306 kb) Fact Sheet (English) – Adaptive Balancing Power (PDF, 169 kb) presse@adaptive-balancing.de Mobil: 0176 12574426 21. Juli 2023 24. Mai 2023 18. Mai 2023 12. Mai 2023 16. Februar 2023 14. Februar 2023 30. Dezember 2022 23. Dezember 2022 28. November 2022 22. November 2022 21. November 2022 18. November 2022 10. November 2022 21. Oktober 2022 23. September 2022 16. September 2022 12. September 2022 8. August 2022 28. Juni 2022 21. Juni 2022 17. Juni 2022 30. Mai 2022 8. Mai 2022 27. April 2022 12. April 2022 24. März 2022 18. März 2022 3. März 2022 18. Februar 2022 14. Januar 2022 21. Dezember 2021 16.05.2022 Solarnative 04.05.2022 Photovoltaik 15.02.2022"
https://www.adaptive-balancing.de/impressum/,10/23/2023 16:25,"Impressum Ostendstraße 19 64319 Pfungstadt Vertretungsberechtige Geschäftsführer: Hendrik Schaede-Bodenschatz Registergericht: Amtsgericht Darmstadt, HRB 95717 USt.-ID: DE308288939"
https://www.adaptive-balancing.de/en/imprint/,10/23/2023 16:25,"Imprint Ostendstraße 19 64319 Pfungstadt Germany Represented by Hendrik Schaede-Bodenschatz Register entry: Amtsgericht Darmstadt, HRB 95717 USt.-ID: DE308288939"
https://www.adaptive-balancing.de/start-der-real-estate-arena-mit-adaptive-ladesaeule-live-vor-ort-sehen/,10/23/2023 16:25,"Alles ist angerichtet: Heute startet die Real Estate Arena 2023 in Hannover. Worauf Sie sich freuen können: Unser Head of Market Entry, Kirsten Jahn wird um 10:45 Uhr auf der Surprise-Bühne einen Vortrag halten und erklären, wie Pufferspeicher flächendeckend Ultra-Schnellladen in der E-Mobilität ermöglichen und Standorte dadurch zukunftssicher werden. Wer gerne etwas zum Sehen und Anfassen möchte, kann sich vor Ort auf unsere Ladestele freuen. Überzeugen Sie sich auf der Real Estate Arena vom schlanken und ikonischen Design unseres Boosted Charger. Unser Expertenteam aus Ralf E. Kittlaus, Kirsten Jahn und Florian Fröhlich wird Ihnen mit Rat zur Seite stehen und zeigen, wie kommunale und privatwirtschaftliche Flächen mit Ultra-Schnellladen aufgewertet werden können – ganz ohne Mittelspannung und Trafobau, 100% umweltfreundlich – GreenTec Made in Germany. Wir freuen uns auf Sie."
https://www.adaptive-balancing.de/puffergespeichertes-hochleistungsladen-fuer-e-busse-erstes-system-ausgeliefert/,10/23/2023 16:25,"Am 19. Juli 2023 wurde der erste ADAPTIVE Pantograph Booster ausgeliefert. Ein wichtiger Meilenstein für unser Unternehmen und eine sehr gute Nachricht für die E-Mobilität in Deutschland. Der Aufbau der Speicher- und Ladelösung erfolgt in Bensheim, mit einem starken Partner-Konsortium im Rahmen des vom Bundesministerium für Wirtschaft und Klimaschutz geförderten Pilotprojekts „Buffered-HLL“ für das zwischengespeicherte Hochleistungsladen von E-Bussen. Mit dem Hochleistungsspeicher für das ultra-schnelle Laden liefert Adaptive eine Schlüsseltechnologie, mit der auch batterieelektrische Busse mit 240 kW zwischengeladen werden können: Innerhalb von 150 Sekunden nimmt der Bus so ausreichend Energie für seine nächste Tour auf. Das verlängert die Batteriereichweite deutlich und bietet Effizienzvorteile, sowohl durch kleinere Fahrzeugbatterien als auch durch unterbrechungsfreie Strecken. Unsere Lösung steht dabei für innovative GreenTech aus Deutschland: Wir verzichten auf Batterie-Chemie, über 95% der Bauteile sind frei von seltenen Erden, der Speicher hat eine Lebensdauer von 25 Jahren und kann im Sinne der Circular Economy fast vollständig recycelt werden. Für ADAPTIVE bedeutet der Einsatz von Ultra-Schnellladelösungen im Busladen, in einem Markt mit Wachstumsraten von 50% p.a. (s. PWC E-Bus-Radar 2023*) vorne mit dabei zu sein. Die Installation des ADAPTIVE Pantograph Boosters geht in ihrer Bedeutung jedoch weit über das Marktsegment der Elektrobusse hinaus: Die gleiche patent-geschützte Technologie bildet die Grundlage auch für unsere Ultra-Schnellladelösung für E-PKW, die ebenfalls zeitnah ins Feld gehen wird. Mit der heutigen Auslieferung zeigen wir außerdem, dass unsere Systeme ohne viel Aufwand und kostengünstig transportiert und installiert werden können. Die Eröffnung der Ultra-Schnellladestation für E-Busse in Bensheim ist für August geplant. Wir arbeiten für eine Welt, in der Energie für Elektromobilität nachhaltig und überall zur Verfügung steht. Wenn Sie als Investor Teil unserer Mission werden wollen, freuen wir uns! Bitte wenden Sie sich dafür an Companisto. * https://www.pwc.de/de/branchen-und-markte/oeffentlicher-sektor/e-bus-radar.html"
https://www.adaptive-balancing.de/e-mobilitaet-macht-standorte-zukunftssicher-kirsten-jahn-erklaert-auf-der-real-estate-arena-das-wie/,10/23/2023 16:25,"Weniger als 7 Tage bis zur Real Estate Arena 2023, Deutschlands neue Immobilienmesse. Vor Ort hält unser Head of Market Entry, Kirsten Jahn um 10:45 Uhr einen Vortrag auf der Surprise-Bühne: Sie erfahren, warum E-Mobilität am eigenen Standort von Handelsimmobilien wichtig für das Jetzt und für die Zukunft ist. Außerdem geht es darum, wie Schnellladelösungen auch schnell Realität werden – alles übrigens ohne zusätzlichen Trafo und auf Wunsch ohne Eigeninvest. Besuchen Sie uns doch anschließend gerne am Stand in Halle 4, Stand C24 oder buchen Sie einfach Ihren Termin mit uns via ADAPTIVE – Real Estate Arena 2023. Sie haben noch kein Ticket für die Real Estate Arena? Dann bitte in der Terminbuchung vermerken. Die ersten 10 Gäste erhalten von uns ein Ticket kostenfrei zur Verfügung gestellt. Zurück zur Artikelübersicht"
https://www.adaptive-balancing.de/en/contact/,10/23/2023 16:25,Contact Contact Information Your Contact for Sales Your Contact for Press and Communication Your Contact for Office- Management > Link to Google Maps
https://www.adaptive-balancing.de/mitarbeit-und-karriere/,10/23/2023 16:24,"Mitarbeit E-Mobilität besser und nachhaltig denken! Wir haben alles, um Ultra-Schnellladen in die Fläche zu bringen. Werkstudent:in (m/w/d) Elektronikentwicklung (min. 15 Stunden/ Woche) Werkstudent:in (m/w/d) Softwareentwicklung Teamleiter:in Elektromontage / Schaltschrankbau (m/w/d) Mechatroniker:in / Elektroniker:in (w/m/d) Sales Manager (w/m/d) Projektmanager:in (w/m/d) Hochleistungs-Ladeinfrastruktur Ihre Aufgaben Ihr Profil Unser Angebot Jetzt bewerben! Adaptive Balancing Power entwickelt, produziert und vermarktet zukunftsweisende Lade- und Speichersysteme. Unser Ziel ist es, E-Mobilität überall und für jeden nutzbar zu machen. Damit leisten wir einen Beitrag zur Reduktion von Treibhausgasen und einen schonenden Umgang mit Ressourcen. Wir brauchen Verstärkung für unser wachsendes Team und suchen motivierte Kolleg:innen. ALLE STELLEN | ENGINEERING | FERTIGUNG | MARKETING & SALES | CUSTOMER SUCCESS | OFFICE | STUDENT:INNEN Dafür mailen Sie uns bitte Ihren aktuellen Lebenslauf, die jüngsten Zeugnisse oder Zertifikate und ein kurzes Anschreiben (gesamt max. 20 MB). Wir melden uns dann zügig bei Ihnen! > kontakt@adaptive-balancing.de > Schließen nachhaltig denken! |"
https://www.adaptive-balancing.de/speicher-fuer-stromnetze/,10/23/2023 16:24,"Netze Resilienz und Power Quality auf allen Netzebenen Ein Thema, das alle Netzbetreiber betrifft: Durch den steigenden Anteil erneuerbarer Energien wird es immer schwieriger die Netzstabilität auch in Ausnahmesituationen aufrechtzuhalten. Gleichzeitig kommen Elektrofahrzeuge als neue stochastische Verbraucher hinzu. Hier kann AMPERAGE eine wichtige Funktion übernehmen, denn es erhöht die Resilienz eines Stromnetzes, sichert die Qualität der Stromversorgung und löst so die Probleme der Netzstabilität zu wettbewerbsfähigen Kosten. Volle Leistungsentfaltung innerhalb von Millisekunden für stabile Stromnetze Sichere und langlebigeunterbrechungsfreieStromversorgung Das Beste aus zwei Weltenperfekt kombiniert Bahnstrom effizient nutzen,statt nur zu verheizen Netzstabilisierung für eine erfolgreiche Energiewende Anwendungs-Vorteile AMPERAGE im Übertragungsnetz AMPERAGE im Verteilnetz Qualitative Stromversorgungfür industriellen Erfolg Unterbrechungsfreie Stromversorgung Kritische Anlagen im industriellen Microgrid Hohe Leistung und lange Batterielebensdauer kombinieren Kombination verschiedener Energiespeichertechnologien Spannungs-Stabilisierung und Rekuperation Spannungs-Stabilisierung im Gleichstrom-Bahnnetz PowerMapper Messung der Rekuperationsleistung im Bahnnetz Die Energiewende macht neue technische Lösungen für einen sicheren, zuverlässigen Netzbetrieb nötig. Diese notwendigen Lösungen finden sich auch in den in neuen Regularien für Systemdienstleistungen wieder. AMPERAGE kann eine Vielzahl dieser notwendigen und regulatorisch vorgesehenen neuen Systemdienstleistungen übernehmen, teils auch parallel.. In vielen Regionen kann der Ausbau der Stromnetze nicht mit den wachsenden Anforderungen der produzierenden Industrie an die Qualität der Stromversorgung Schritt halten. AMPERAGE ermöglicht es, Netzabschnitte automatisch in einen Inselmodus zu überführen, wenn das umgebende Netz instabil wird. Die angeschlossenen Anlagen und Verbraucher werden dann ohne Unterbrechung weiterbetrieben, Prozesse ohne Qualitätseinbußen weitergeführt. AMPERAGE bildet ein lokales Stromnetz und stellt Leistungsreserven zur Verfügung, um auftretende Lastspitzen sofort auszugleichen. In Kopplung mit Batteriespeichern, wie beispielsweise Li-Ionen Batterien, bewirkt AMPERAGE eine Zyklenschonung der Batterie. Die Installation eines AMPERAGE- Systems mit nur einem Bruchteil der Batterie-Leistung kann bereits die zyklische Belastung der Batterie deutlich reduzieren – und so ihre Lebensdauer erheblich verlängern. Auch im Bahnnetz macht sich das Prinzip bezahlt: Ein stationäres AMPERAGE-Speichersystem, das an ein Gleichstrom-Bahnnetz angeschlossen ist, stabilisiert dessen Spannung und kann gleichzeitig einen Großteil der Bremsenergie rekuperieren und sie während der Beschleunigungsphasen wieder an die Züge abgeben. Die bestehende Infrastruktur wird dadurch besser ausgenutzt, die Effizienz des Bahnnetzes erhöht sich – und die Energiebezugskosten lassen sich deutlich reduzieren. Um den optimalen Standort von AMPERAGE in einem Bahnnetz zu bestimmen, wurde das Messsystem PowerMapper entwickelt. Dieses Cloud-basierte, zugmontierte System erfasst die im Bremswiderstand verheizte Leistung und protokolliert sie zusammen mit den Koordinaten. So lässt sich das wirtschaftliche und technische Potenzial von AMPERAGE in der konkreten Anwendung analysieren und ein geeigneter Standort bestimmen – sehr genau und zuverlässig. < ms"
https://www.adaptive-balancing.de/ueber-adaptive/,10/23/2023 16:24,"Unternehmen Adaptive Balancing Power GmbH Die Vision unseres Unternehmens: Eine erneuerbare, sichere und bezahlbare Energieversorgung weltweit. Mit dem von uns entwickelten nachhaltigen Energiespeicher leisten wir einen wichtigen Beitrag zu dieser globalen Energiewende. Unsere Kooperationspartner Mitarbeiten Investieren Gründungsgeschichte Traditioneller Maschinenbau trifft Start-Up-Dynamik Hier können Sie Ihre Bewerbungs-Dokumente hochladen: Bitte kontaktieren Sie uns: 2016 wurde Adaptive Balancing Power von Dr. Hendrik Schaede-Bodenschatz und Nicolai Meder gegründet, zwei Experten in den Bereichen mechatronische Produktentwicklung und Energiespeicherung. Bereits seit 2008 beschäftigen sich unsere Gründer mit der Technologie des Schwungmassenspeichers der 4. Generation und 2012 begannen sie, die Kommerzialisierung voranzutreiben. Unser Fokus liegt dabei auf innovativen Anwendungen, in denen unsere Energiespeicher einen ökonomischen Mehrwert bieten. So erreichen wir über wirtschaftliche Hebel eine Reduzierung der globalen CO2-Emissionen. Unsere Herkunft ist der deutsche Maschinenbau, unsere Ausrichtung ist die eines global agierenden mittelständischen Unternehmens. Das tiefgehende Systemverständnis, kombiniert mit einer schlanken Unternehmensstruktur, macht uns sehr beweglich – es ermöglicht uns, dynamisch auf geänderte Rahmenbedingung, neue Chancen und Herausforderungen zu reagieren. Bei der Herstellung und Integration der Energiespeicher arbeiten wir mit einem bewährten Netzwerk industrieller Partner zusammen. Wir sind ein junges, dynamisches Team – wir wachsen schnell und wissen auch, wohin. Sie möchten ein Teil davon werden? Dann bewerben Sie sich! Sie haben Interesse, die Energie- und Verkehrswende voran zu bringen und in unser Unternehmen oder unsere Anlagen zu investieren? > invest@adaptive-balancing.de 2016 18 100"
https://www.adaptive-balancing.de/kontakt/,10/23/2023 16:24,Kontakt Ihr Kontakt für Vertrieb Ihr Kontakt für Presse Ihr Kontakt für Office- Management Adrian Ioitescu vertrieb@adaptive-balancing.de Tel: 06157 911 9294 Kirsten Jahn presse@adaptive-balancing.de Mobil: 0176 12574426 Isabell Wilch Maren Stange kontakt@adaptive-balancing.de Tel: 06157 911 9294 > Zu Google Maps
https://www.adaptive-balancing.de/speicher-fuer-lkw-laden/,10/23/2023 16:24,"LKW Prozessoptimiertes Ultra-Schnellladen – der einfache Weg zur E-Mobilität Die Zukunft von Transport und Logistik ist elektrisch. Mit AMPERAGE ist das prozessorientierte Ultra-Schnellladen von LKW nahezu überall auf eine netzorientierte Weise möglich. Ohne kostspielige Standzeiten. Bei voller Reichweitenflexibilität. Schnelleres Laden, zusätzliche Ladepunkte, höhere Standortflexibilität für mehr Wirtschaftlichkeit. Optimiert für Schwerlastanwendungen Schnellladen überall, wo Sie es benötigen Prozessoptimiertes Laden mit hoher Verfügbarkeit Mehr Ladepunkte bei bestehendem Netzanschluss Preiswerter als Diesel Kurze Aufladezeiten ermöglichen Tag- und Nachtladen Verlässlich auch bei extremem Wetter Robust Anfahrtsoptimiert Freistehend Flexible Standortwahl, einfacher Auf- und Abbau. Energie- und Lastmanagement für maximale Effizienz AMPERAGE ermöglicht durch die hohe Ladeleistung prozessoptimiertes Laden innerhalb gesetzlich vorgeschriebener Ruhepausen oder während Wartezeiten an Vorstauflächen. Mit AMPERAGE lässt sich die Anzahl der Ladestationen bei leistungsbegrenztem Netzanschluss verdoppeln – ohne Ausbau des Stromnetzes und ohne zusätzliche Betriebskosten. Sie generieren mehr Umsatz und die Standortattraktivität wird aufgrund geringerer Wartezeiten an den Ladestationen deutlich erhöht. Durch seine Heavy-Duty-Auslegung auf Haltbarkeit und hohe Leistung können mit AMPERAGE Strompreise noch unter heutigem Diesel-Niveau realisiert werden. Zusätzliche CO2-Besteuerung für Diesel-Kraftstoffe werden die Rentabilität eines E-LKW gegenüber herkömmlichen Diesel-Fahrzeugen weiter steigern. Ob rund um die Uhr Schnellladen oder im Wechsel langsames Laden bei Nacht und Schnellladen am Tag: Da AMPERAGE keine langen Leerlaufphasen benötigt, um sich aufzuladen, ist die Ultra-Schnelllade-Funktion innerhalb weniger Minuten auf den Punkt verfügbar. AMPERAGE ist ein mechatronischer Energiespeicher und funktioniert auch bei extremer Kälte und Hitze. Und das mit einem deutlich höheren Nutzungsgrad als vergleichbare Technologien. Als Heavy-Duty-Lösung ist er perfekt für die LKW-Ladeinfrastruktur geeignet, in der große Zuverlässigkeit trotz hoher Belastungen eine Kernanforderung darstellt. Viele Logistikflächen sind nur temporär verfügbar. Herkömmliche, feststehende Ladeinfrastruktur kann jedoch nicht ohne weiteres an neue Standorte umziehen. AMPERAGE hingegen ist schnell und komplett rückbaufähig und damit ideal für den Logistiksektor. Das Lastmanagement des AMPERAGE Hochleistungs-Energiespeichers kann flexibel mit dem kundeneigenen Energiemanagement interagieren. Alternativ lässt sich auch eine kundenspezifische Lösung implementieren oder ein Standard-Energiemanagement einsetzen. Dadurch wird, perfekt auf Ihre Bedürfnisse zugeschnitten, das Maximum aus Ihrem bestehenden Netzanschluss herausgeholt. Duty Lösung 350 Prozent"
https://www.adaptive-balancing.de/speicher-fuer-pkw-laden/,10/23/2023 16:24,"PKW Mit uns werden Ihre Ladeinfrastruktur-Projekte komplett: Bis 350 kW Leistung, modular und skalierbar. Puffergespeichertes Ultra-Schnellladen: Eine Innovation mit vielen Vorteilen Wir gleichen ein unzureichendes Netz mit kinetischen Hochleistungs-Pufferspeichern aus. Denn für die Ausbaustufe der Elektromobilität braucht es eine intelligente und nachhaltige Ladeinfrastruktur. Vier starke Argumente 200 km elektrische Reichweite in 10 Minuten Der öffentliche Raum wie auch gewerbliche Flotten sind immer mehr auf HPC-Laden mit über 150 kW Leistung angewiesen. Kunden wollen das Laden bequem in ihren Alltag integrieren – wie Tanken, nur besser. Firmen und Flotten brauchen hocheffiziente Abläufe bei einer engen Prozess-Taktung sowie verlässliche Verfügbarkeit und Reichweite. Problem dabei: Herkömmliche Ultra-Schnelllade-Lösungen sind auf einen Mittelspannungs-Anschluss oder sogar Netzausbau angewiesen. Mit anderen Worten: Limitierte Standortauswahl, lange Umsetzungszeiten und hohe Kosten. Wir haben die Lösung für ultra-schnelles Laden von PKW und Servicefahrzeugen, überall. Für die Neuplanung von Ladeinfrastruktur wie auch das Upgrade bestehender Ladepunkte. Bis 350 kW Leistung – auch da, wo das Stromnetz sonst nicht ausreicht. . Für Ihre Kunden und für Ihre Umweltbilanz: Brand- oder Grundwasserrisiken können bei unserem System vernachlässigt werden. Mit anderen Worten: Schnellere Genehmigungen plus mehr Sicherheit für alle. Unsere Lieferanten sind fast alle in Deutschland und Europa, das heißt es wird deutlich weniger CO2 beim Transport ausgestoßen. Zudem stehen unsere regionalen Lieferanten für Top-Qualität und schnelle Lieferzeiten. Unser Speicher hält über 25 Jahre oder für mehr als 1 Mio. Ladezyklen. Der gesamte Wartungsaufwand ist minimal und ressourcenschonend. Am Ende der Lebenszeit ist der ADAPTIVE Hochleistungs-Speicher recyclebar und in die Kreislaufwirtschaft rückführbar. Nachhaltig Ohne Batterie-Chemie, positiv für die Umweltbilanz Smart Energy Management Bedarfsgerechtes Power-Boosting bis 350 kW Gesamt-Ladeleistung Da, wo es sonst nicht geht Einfacher Netzanschluss ab 40 kW Effizient und CO2-reduziert Erneuerbare Energien integrierbar Für jeden Bedarf Modular und skalierbar. Auch für hybride Pufferspeicher-Systeme Flexibel und schnell Platzsparend, auch für Garagen und Parkhäuser Schneller und günstiger Kein Netzausbau, kein Trafobau Voll integrierbar Mit jedem Hypercharger oder als All-in-One Lösung Verlässlich und zügig EU- Lieferketten und erprobte Rapid-Installation Schnelladen Ohne Sorgen."
https://www.adaptive-balancing.de/speicher-fuer-oepnv-laden/,10/23/2023 16:24,"ÖPNV AMPERAGE – E-Mobilität im ÖPNV einfach verwirklichen Zero-Emissionen, leisere Busse, attraktivere Städte: Die Zukunft der ÖPNV ist elektrisch. Mit AMPERAGE können Busse an Knotenpunkten oder Wendeschleifen, sogar während Fahrgäste ein- und aussteigen, wirtschaftlich zwischengeladen werden (Streckenladen). Als Resultat verdoppelt sich die elektrische Reichweite. Die Vorteile: Die Reichweite verdoppelt sich und der Bus kann länger fahren und muss nicht frühzeitig zurück in das Depot. Schnelleres Laden, höhere Fahrzeugflexibilität und gesteigerte Wirtschaftlichkeit Buslinien elektrifizieren mit AMPERAGE Streckenladen wirtschaftlich dort ermöglichen, wo die vorhandenen Stromleitungen nicht ausreichen Vorteile Streckenladen zu Depotladen Möglich via Pantographen oder CCS Batterieelektrische Busse im ländlichen und städtischen Raum ermöglichen Kombination mit Rekuperation der Straßenbahn möglich Maximierung der Wirtschaftlichkeit durch geringere Investitions- und Betriebskosten Verlässlich auch bei extremer Belastung So funktioniert AMPERAGE Beim Depotladen wird der Bus mit einer sehr großen Batterie versehen, die über Nacht im Busdepot geladen wird. Im Gegensatz dazu wird beim Streckenladen eine kleinere Batterie verwendet und im laufenden Betrieb während der Haltezeiten nachgeladen. Durch das geringere Gewicht können mehr Passagiere befördert werden. Kleinere Batterien sind deutlich günstiger und werden beim Streckenladen in einem optimalen, batterieschonenden Ladezustand gehalten. Mit AMPERAGE können über einen Pantographen einfach und schnell, während Haltepausen von 2-3 Minuten, bis zu 500 kW Ladeleistung realisiert werden. Das bedeutet ein Reichweitenplus von bis zu 20 km pro Fahrzeugumlauf! Während Ruhepausen an Wendeschleifen kann ein Bus mit bis zu 300 kW zwischengeladen werden, was in Abhängigkeit der Pausenzeit bis zu 100 km zusätzliche elektrische Reichweite bedeutet. Für viele Verkehrsbetriebe stellt die begrenzte Reichweite bei batterieelektrischen Bussen eine große Hürde dar. Volle Unabhängigkeit in der Stadt und auf dem Land: Mit AMPERAGE kann effektives Streckenladen umgesetzt werden, auch wenn nicht ausreichend Strom an der Haltestelle zur Verfügung steht. Aktuell wird die Rekuperationsleistung beim Bremsen von Straßenbahnen in deutschen Städten kaum genutzt und ineffizient als Wärme an die Umgebung abgegeben. Mit AMPERAGE kann diese Energie effizient gespeichert und im Anschluss beim Streckenladen von E-Bussen mit maximaler Ladeleistung wieder abgegeben werden. Das reduziert die Betriebskosten deutlich. Mit AMPERAGE werden die Lastspitzen bei Streckenladen geglättet und der zu bezahlende 15-Minuten-Mittelwert (Leistungspreis) um bis zu 35 Prozent gesenkt. Gleichzeitig entfallen unnötige Netzausbaukosten. Nutzen auch Sie die Möglichkeit, die Wirtschaftlichkeit der batterieelektrischen Busse im ÖPNV zu maximieren! Als mechatronischer Energiespeicher unterliegt AMPERAGE nahezu keiner Degradation durch Kälte/Hitze und hohen Nutzungsgrad, anders als vergleichbare Technologien. Damit ist er perfekt für die Heavy-Duty-Anwendung im öffentlichen Nahverkehr geeignet, in der große Zuverlässigkeit trotz hoher Belastungen eine Kernanforderung darstellt. AMPERAGE lädt Strom aus dem Netz, speichert ihn zwischen und gibt ihn mit vielfacher Leistung wieder ab – ähnlich des Wirkprinzips eines Wasserkraftwerkes. 2– 5 Minuten -fach"
https://www.adaptive-balancing.de/en/,10/23/2023 16:24,"Start Boosted Energy: An innovation with many benefits For decarbonization and on-demand power, anywhere. The flywheel is the oldest known method of energy storage: even the potter’s wheel used the principle of storing rotational energy, as did the flywheel. ADAPTIVE Amperage, the modern high-performance flywheel storage system, takes this principle to a new level. Sustainable and reliable Powerful performance for many applications Our high-performance flywheels store and release energy 6-fold accumulated ADAPTIVE Amperage flywheel energy storage delivers the extra power you need: Scalable buffered energy with up to 600kW power Sustainable high performance even with insufficient power grid: An efficient contribution to decarbonization Let us talk! Boosted Energy without grid upgrade > let us talk! How it works Our flywheel storage units are sustainable, durable and contain no battery chemicals. We reliably manufacture in Germany, have established regional supply chains and do not compete with battery procurement. Even if the power grid’s capacity is insufficient, you can implement forward-looking decarbonization projects: Adaptive’s high-performance kinetic storage systems recharge cars, trucks and other heavy-duty applications, electrify public transport, stabilize grids and protect batteries. Boosted energy output of up to 350 kW per system and a modular, scalable system make it possible. We wish you a Happy New Year 2023 Adaptive Balancing Power wishes you a Merry Christmas ADAPTIVE Balancing Power completes relocation to new Pfungstadt site and doubles production area All News To the Contact Form Adaptive Balancing Power GmbH Ostendstraße 19 64319 Pfungstadt, Germany Phone +49 6157 911 9294 kontakt@adaptive-balancing.de Wir benötigen Ihre Zustimmung, bevor Sie unsere Website weiter besuchen können. Wir verwenden Cookies und andere Technologien auf unserer Website. Einige von ihnen sind essenziell, während andere uns helfen, diese Website und Ihre Erfahrung zu verbessern. Personenbezogene Daten können verarbeitet werden (z. B. IP-Adressen), z. B. für personalisierte Anzeigen und Inhalte oder Anzeigen- und Inhaltsmessung. Weitere Informationen über die Verwendung Ihrer Daten finden Sie in unserer Datenschutzerklärung. Sie können Ihre Auswahl jederzeit unter Einstellungen widerrufen oder anpassen. Accept all Save Accept essential cookies only Individual settings Wir verwenden Cookies und andere Technologien auf unserer Website. Einige von ihnen sind essenziell, während andere uns helfen, diese Website und Ihre Erfahrung zu verbessern. Personenbezogene Daten können verarbeitet werden (z. B. IP-Adressen), z. B. für personalisierte Anzeigen und Inhalte oder Anzeigen- und Inhaltsmessung. Weitere Informationen über die Verwendung Ihrer Daten finden Sie in unserer Datenschutzerklärung. Hier finden Sie eine Übersicht über alle verwendeten Cookies. Sie können Ihre Einwilligung zu ganzen Kategorien geben oder sich weitere Informationen anzeigen lassen und so nur bestimmte Cookies auswählen. Accept all Save Accept essential cookies only Back Show cookie-informations Privacy Policy Imprint Menu 600 25 years > 1 SEND Privacy Settings Hide cookie-informations"
http://www.adaptive-balancing.de,10/23/2023 16:24,"Startseite Boosted Energy – überall leistungsstark Für Dekarbonisierung und bedarfsgerechte elektrische Leistung – überall. Mehrfach patentierte Innovation für höchste Effizienz Nachhaltig und verlässlich Starke Leistung für viele Anwendungen News Kontaktformular Contact Us Unsere kinetischen Hochleistungs- Speicher geben Energie 6-fach verstärkt wieder ab. Die Schwungrad-Hochleistungsspeicher ADAPTIVE Amperage liefern die zusätzliche Energieleistung, die es braucht: Skalierbarer Pufferspeicher mit bis zu 600 kW Leistung Nachhaltige Hochleistung auch bei unzureichendem Stromnetz: Ein effizienter Beitrag zur Dekarbonisierung Lassen Sie uns sprechen! ErfahrenSie mehr! Boosted Energy ohne Netzausbau, ohne Trafo > Lassen Sie uns sprechen! So funktioniert’s Das Schwungrad ist die älteste bekannte Methode zur Energiespeicherung: Schon die Töpferscheibe nutzte das Prinzip, Rotationsenergie zu speichern, ebenso wie das Schwungrad. Mit ADAPTIVE Amperage, dem modernen Schwungrad-Hochleistungspeicher wird dieses Prinzip auf ein neues Niveau gehoben. Unsere Speicher sind nachhaltig, langlebig und enthalten keine Batterie-Chemie. Wir stellen zuverlässig im deutschen Maschinenbau her, haben etablierte regionale Lieferketten und konkurrieren in der Beschaffung nicht mit Batterie-Herstellern. GreenTech Made in Germany. Bekannt aus: Auch wenn die Leistung des Stromnetzes nicht ausreicht, können Sie zukunftsweisende Projekte der Dekarbonisierung umsetzen: Mit den kinetischen Hochleistungs-Speichern von Adaptive werden PKW, LKW und andere heavy-duty Anwendungen nachgeladen, der ÖPNV elektrifiziert, Netze stabilisiert und Batterien geschützt. Geboosterte Energieleistung bis 350 kW pro System und ein modulares, skalierbares System machen es möglich. Puffergespeichertes Hochleistungsladen für E-Busse: Erstes System ausgeliefert Start der Real Estate Arena mit ADAPTIVE – Ladesäule live vor Ort sehen E-Mobilität macht Standorte zukunftssicher: Kirsten Jahn erklärt auf der Real Estate Arena das „Wie“ Alle News Schreiben Sie uns: Zum Kontaktformular Adaptive Balancing Power GmbH Hilpertstraße 16 – 18 64295 Darmstadt Germany Phone +49 6151 / 360 5854 kontakt@adaptive-balancing.de No Cookies, no external services, no data storage – and therefore no need for consent banners. Mit dem Absenden Ihrer Kontaktanfrage bestätigen Sie, unsere Datenschutzerklärung zur Kenntnis genommen zu haben. Adaptive Balancing Power GmbH Ostendstraße 19 64319 Pfungstadt Tel 06157 / 911 9294 kontakt@adaptive-balancing.de Ihr ExperteFlorian Fröhlichvertrieb@adaptive-balancing.deTel: 06157 911 9294Jetzt Termin vereinbaren Wir benötigen Ihre Zustimmung, bevor Sie unsere Website weiter besuchen können. Wenn Sie unter 16 Jahre alt sind und Ihre Zustimmung zu freiwilligen Diensten geben möchten, müssen Sie Ihre Erziehungsberechtigten um Erlaubnis bitten. Wir verwenden Cookies und andere Technologien auf unserer Website. Einige von ihnen sind essenziell, während andere uns helfen, diese Website und Ihre Erfahrung zu verbessern. Personenbezogene Daten können verarbeitet werden (z. B. IP-Adressen), z. B. für personalisierte Anzeigen und Inhalte oder Anzeigen- und Inhaltsmessung. Weitere Informationen über die Verwendung Ihrer Daten finden Sie in unserer Datenschutzerklärung. Sie können Ihre Auswahl jederzeit unter Einstellungen widerrufen oder anpassen. Essenzielle Cookies ermöglichen grundlegende Funktionen und sind für die einwandfreie Funktion der Website erforderlich. Statistik Cookies erfassen Informationen anonym. Diese Informationen helfen uns zu verstehen, wie unsere Besucher unsere Website nutzen. Alle akzeptieren Speichern Nur essenzielle Cookies akzeptieren Individuelle Datenschutzeinstellungen Wenn Sie unter 16 Jahre alt sind und Ihre Zustimmung zu freiwilligen Diensten geben möchten, müssen Sie Ihre Erziehungsberechtigten um Erlaubnis bitten. Wir verwenden Cookies und andere Technologien auf unserer Website. Einige von ihnen sind essenziell, während andere uns helfen, diese Website und Ihre Erfahrung zu verbessern. Personenbezogene Daten können verarbeitet werden (z. B. IP-Adressen), z. B. für personalisierte Anzeigen und Inhalte oder Anzeigen- und Inhaltsmessung. Weitere Informationen über die Verwendung Ihrer Daten finden Sie in unserer Datenschutzerklärung. Hier finden Sie eine Übersicht über alle verwendeten Cookies. Sie können Ihre Einwilligung zu ganzen Kategorien geben oder sich weitere Informationen anzeigen lassen und so nur bestimmte Cookies auswählen. Alle akzeptieren Speichern Nur essenzielle Cookies akzeptieren Zurück Cookie-Informationen anzeigen Datenschutzerklärung Impressum DE EN Menü 0 kW Jahre > 0, Mio ABSENDEN Absenden Please call me Send Datenschutzeinstellungen Wir benötigen Ihre Zustimmung, bevor Sie unsere Website weiter besuchen können. Wenn Sie unter 16 Jahre alt sind und Ihre Zustimmung zu freiwilligen Diensten geben möchten, müssen Sie Ihre Erziehungsberechtigten um Erlaubnis bitten. Wir verwenden Cookies und andere Technologien auf unserer Website. Einige von ihnen sind essenziell, während andere uns helfen, diese Website und Ihre Erfahrung zu verbessern. Personenbezogene Daten können verarbeitet werden (z. B. IP-Adressen), z. B. für personalisierte Anzeigen und Inhalte oder Anzeigen- und Inhaltsmessung. Weitere Informationen über die Verwendung Ihrer Daten finden Sie in unserer Datenschutzerklärung. Sie können Ihre Auswahl jederzeit unter Einstellungen widerrufen oder anpassen. Hier finden Sie eine Übersicht über alle verwendeten Cookies. Sie können Ihre Einwilligung zu ganzen Kategorien geben oder sich weitere Informationen anzeigen lassen und so nur bestimmte Cookies auswählen. Essenziell (1) Cookie-Informationen ausblenden , Statistiken (1) Statistiken Google Analytics"
https://znlenergy.com/contact-v2/,10/23/2023 16:24,Chat with an expert Send mail Dag Skansen +47 999 94 444 Jan Børge Sagmo Kang Chen +47 459 18 126 Marcus Andreas Olsen +47 484 88 089 Prof. De Chen +47 482 22 428 Syed Talat Ali ++47 973 56 603 CEO Chairman CS&MO Co-Founder Business Development Manager Europe Founder Technical Director for Separator
https://znlenergy.com/lithium-ion-seperator/,10/23/2023 16:24,"Disruptive technology Ion transportation number 0.8 - 0.9 Ion transportation method Diffusion Porosity <3% Conductivity 10^-3 - 10^-4 S cm^-1 Stability <5.1V Glass Transition Temperature 90°C Tested from -30°C to +70°C Flammability rating UL-94 V-0 No clear limitation The ZNL-separator reduces risk of thermal runaway and increases useful life. Achieved through the unique material properties that restricts electrolyte transfer while allowing ionic transportation The separator is developed for all common Li-Ion chemistries. Ready for customer qualification. In recent years, many companies have been working on solutions to address this issue, and ZNL Energy’s separator for lithium batteries is showing massive potential as a product that could make a significant impact in reducing the risk of fire hazards. ZNL Energy’s technology is a disruptive innovation that could potentially transform the battery industry. Our separator can prevent the flow of electrons in the event of a thermal runaway, which is a phenomenon that can occur when a battery overheats and can cause a fire or explosion. This technology has the potential to improve the safety and reliability of lithium-ion batteries not only for electric vehicles but also for other applications such as portable electronics and energy storage systems."
https://znlenergy.com/zinc-ion-battery-cell/,10/23/2023 16:24,"Specifications Next generation Anode Zinc Carbon Cathode Manganese Oxide Carbon Separator material Contact us for information Electrolyte Aqueous Voltage platform 1.45V Upper / Lower limit voltage 1.8V / 1.1V Specific power 200-300W Power density Up to 5C Energy density 100Wh/L Weight specific energy 90Wh/kg Working temperature -40°C to +70°C Life cycles >4000 @ >80% capacity A complete battery cell technology ideal for stationary energy storage, paired with a state-of-the-art manufacturing methodology. Suitable for any energy storage application, from residential to industrial scale projects. GET IN TOUCH"
https://znlenergy.com/about-v2/,10/23/2023 16:24,"Our vision Timeline Concept development Proof of concept ZNL Energy AS established Concept demonstration 1st generation Zn-ion battery cell Second prototype- the pre-a zinc-ion battery cell Established new separator for lithium-ion batteries Pre-engineering the center of excellence Pilot production, license agreement Enter the European and US market ZNL Energy is working towards a safer and more sustainable tomorrow. At ZNL Energy, our vision is to create a safer and more sustainable tomorrow through the development and implementation of innovative battery technologies. Our disruptive ZNL-Separator for lithium batteries is a cutting-edge technology providing safety and longer life span. Our zinc-ion battery technology provides the best solution for energy storage and our licensing program provide not only technology but technology as a service. 2012 2019 December 2021 April 2022 June 2022 December 2022 Q1- 2023 Q2- 2023 2023-2024 2024-2026 For both the ZNL-Separator and the ZNL zinc-ion cell"
https://znlenergy.com/imprint/,10/23/2023 16:24,"1. General This imprint was last updated on August 4, 2022. The owner of this website is: ZNL Energy AS AS Media City Bergen, Lars Hillesgt 30, 5008 Bergen – Norway Norway Email: moc.ygrenelnz@tsop Phone number: +47 934 43 229 VAT ID: 928 467 597 The legal representative(s) of ZNL Energy AS AS: Benjamin Ferstad 1.1 We are registered at Brønnøysundregistrene under the license or registration number: 928 467 597 We are not willing or obliged to participate in dispute resolution procedures before a consumer arbitration board. moc.ygrenelnz@tsop"
https://znlenergy.com/,10/23/2023 16:24,"Option is power, and power needs option At a glance Technology offering Our mission Get in touch ZNL Energy brings power options to the market Zinc-ion battery cell Lithium-ion seperator post@znlenergy.com sales@znlenergy.com +47 473 72 701 +47 934 43 229 Kokstadveien 23, 5257 Kokstad ZNL Energy Products At ZNL Energy, we understand that the future of our planet depends on the development and implementation of green technologies. However, we recognize that the scarcity of minerals is becoming an increasingly pressing issue, as well as the importance of proper health, safety, and environmental focus for the battery industry. That’s why we have developed both the disruptive ZNL-Separator for lithium-ion & Sodium batteries that we are planing to manufacture large scale both in Europe & US and a complete zinc-ion battery cell for stationary energy storage, available for license manufacturing. Next generation battery technology Positioned in the battery industry, as a technology provider for battery cell manufacturers. Our mission is to ensure that there are alternatives to the current battery technologies out there, that not only progresses the industry, but that the technologies themselves can drive sustainability in the industry. General inquiries Sales Phone Headquarter About us Contact arrow_upwardLinkedIn Privacy Policy © 2023 ZNL Energy AS | Org. nr. 928 467 597 Notifications Functional Functional Always active Functional Functional Always active The technical storage or access is strictly necessary for the legitimate purpose of enabling the use of a specific service explicitly requested by the subscriber or user, or for the sole purpose of carrying out the transmission of a communication over an electronic communications network. Preferences Preferences Preferences The technical storage or access is necessary for the legitimate purpose of storing preferences that are not requested by the subscriber or user. Statistics Statistics Statistics The technical storage or access that is used exclusively for statistical purposes. The technical storage or access that is used exclusively for anonymous statistical purposes. Without a subpoena, voluntary compliance on the part of your Internet Service Provider, or additional records from a third party, information stored or retrieved for this purpose alone cannot usually be used to identify you. Marketing Marketing Marketing The technical storage or access is required to create user profiles to send advertising, or to track the user on a website or across several websites for similar marketing purposes. LinkedIn WATCH VIDEO circle play_arrow EXPLORE LEARN MORE Menu"
https://bcaremb.com/en/quality-environmental-policy,10/23/2023 16:24,"Quality and environmental policy The Quality and Environmental Policy of BATTERYCARE, S.L. consists of ensuring that the activities carried out and the products manufactured by the Company meet the REQUIREMENTS and EXPECTATIONS of the customer, in addition to the legal and regulatory requirements as well as ensuring the protection of the environment and the surroundings of our activity, thus achieving the SATISFACTION of our customers, by means of: The Management is committed to make this Policy available to interested parties, to be communicated, understood and complied with by the entire organization, providing the means at its disposal and adapting them according to the demands of customers, the market, as well as legal, regulatory and other applicable requirements."
https://bcaremb.com/eu,10/23/2023 16:24,"Zientzia, teknolgia eta eskarmentua BATERIEN ETORKIZUNA ERAIKITZEN Bcare Minding Batteries, garapenerako aliatua. ZUREGATIK EGIN DEZAKEGUNA Energia metatze aholkularitza zerbitzuak Baterien eta metatze-sistemen ingeniaritza, diseinua eta integrazioa Baterien eta horien osagaien saiakuntzak, karakterizazioa eta diagnostikoa Bateriak aztertzeko eredu aurreratuak eta algoritmoen garapena BATERIEN BIZI-ZIKLOAREN ESTIMAZIOA ETA MONITORIZAZIOA PRODUKTUAK ADIBIDE BIKAINAK Cookien konfigurazioa Bateriak monitorizatzeko eta diagnostikatzeko sistema DC sistemetarako neurketa-modulua Bateriak monitorizatzeko softwarea Azpiestazio elektrikoko korronte zuzeneko sistemaren arkitektura berriz diseinatzea eta berunezko bateriak monitorizatzeko eta diagnostikatzeko sistema bat garatzea Berunezko baterien karakterizazio elektrokimikoa eta zahartze-saiakuntzak Fluxu-baterietan oinarritutako biltegiratze-sistemen hornitzaileak identifikatzeko, hautatzeko eta baloratzeko RFQak egiten laguntzea NOLA LAGUNDU DEZAKEGU ZERBITZUAK Elkarrekin lan egiteko interesa? INGENIARITZA SAIAKUNTZAK AHOLKULARITZA AHOLKULARITZA, TESTATZEA, DISEINUA ETA ZURE NEURRIRAKO PRODUKTUAK Trantsizio energetikorako funtsezko eremu batean adituak gara: bateriak. Gure ezagutza eta esperientziari esker, energia biltegiratzearen sektorea bultzatzeko lan egiten dugu, zure negozioaren beharren neurriko konponbideak eskainiz. Jakin nahi duzu nola egiten dugun? Bateriak etorkizuneko teknologia handienetako bat dira, eta horrek azaltzen du gero eta protagonismo handiagoa izatea elektromugikortasunean, energia berriztagarrietan, aplikazio industrialetan eta gailu eramangarrietan. Izan ere, energiaren biltegiratzea azken urteotan gehien garatzen eta berritzen ari den merkatuetako bat da. Hor sartzen da Bcare, aholkularitza-zerbitzuak, soluzioak eta produktu berritzaileak eskainiz, baterien aurrerapen teknologikoaren berri izateko eta zure negoziorako erabaki zuzenak hartzeko. Baterien eta battery packen fabrikatzaileekin, diseinatzaileekin, integratzaileekin, ingeniaritzekin eta azken erabiltzaileekin lan egiten dugu, gure zerbitzu guztiak haien eskura jarriz helburu bakar batekin: baterien industriaren etorkizuna elkarrekin eraikitzea. Zure beharretara hobekien egokitzen den irtenbidea dugu, bateriaren balio-katearen fase guztiak hartzen dituena: zure biltegiratze-aplikazioei ondoen egokitzen zaizkien teknologiak hautatzetik hasi, bizitzaren amaierako estimazio-eredu aurreratuetara eta bateriaren osasun-egoera; soluzio pertsonalizatuen garapena eta diseinua, bateriaren baliozkotze proben definizioa eta exekuzioa, battery packs berezien preserieen diseinua, fabrikazioa eta pilotajea edo biltegiratze-sistemen integrazioa. Bcareren Bateriak Diagnostikatzeko Modulua bankada bat osatzen duten bateria bakoitzaren parametroak monitorizatzen dituen gailu bat da, haien egoera optimoa mantentzeko eta degradazioa iragartzeko, e… Neurketa-modulua korronte zuzeneko banaketa-koadro baten parametro elektrikoak monitorizatzen dituen gailu bat da. Gehienez bi ibarrerdiko tentsioak eta korronteak neurtzen ditu, sarrera digitalak dit… Bcarek BMS aurreratuak garatzen ditu Litioko baterietarako, bateria osoaren portaera ez ezik hura osatzen duten azpi-moduluena ere monitorizatzeko gai direnak, eta are gehiago, azpi-modulu bakoitza os… Bcarek bere diagnostiko-moduluarekin hornitutako bateriak monitorizatzeko software bat garatu du, eta, Diagnostiko-moduluak emandako informazioaren bidez, une oro ematen du sortutako bateria, ekitaldi… Bcare-k Battery Pack bat garatu du, LiFePo teknologiaren litiozko gelaxkek eta BMS aurreratu batek osatua, eta berunaren ordez back up aplikazioetarako bateria sistema berritzaile eta fidagarrienetako… Bete hurrengo formularioa zure proiektuari buruzko informazioarekin eta ahalik eta azkarren jarriko gara zurekin harremanetan. Gune hau reCAPTACHAk babestuta dago eta Googleko Pribatutasun Politika zein Zerbitzuaren Baldintzak aplikatzen dira. Webgune honetako cookieak edukia eta iragarkiak pertsonalizatzeko, sare sozialetako ezaugarriak eskaintzeko eta trafikoa aztertzeko erabiltzen dira. Informazio gehiago lor dezakezu eta zure hobespenak konfiguratu HEMEN Aukeratu aukera hauetatik zein cookie gorde nahi dituzun; horretarako, aktibatu jaso nahi dituzunak eta desaktibatu gainerakoak. Guztiak ere gaitu / desgaitu ditzakezu dagokion aukeran klik eginez. Cookien ezarpenak behar bezala gorde dira. Errore bat gertatu da cookieen ezarpenak gordetzean. Webera egindako bisitei buruzko informazio estatistikoa erregistratzeko informazio ez-pertsonala gordetzen duten cookieak. Zenbait marketin-ekintzetarako beharrezkoak diren cookieak, besteak beste, YouTube, Vimeo eta abar bezalako plataformetako bideoak ikustea. Sare sozialetako informazioa bistaratzearekin edo web edukia sare sozialetan partekatzearekin lotutako cookieak. EU Jakin gehiago"
https://bcaremb.com/es,10/23/2023 16:24,"Construyendo el futuro de las baterías CONSTRUYENDO EL FUTURO DE LAS BATERÍAS LO QUE PODEMOS HACER POR TI Consultoría y asesoramiento en almacenamiento de energía Ingeniería, diseño e integración de baterías y sistemas de almacenamiento Ensayos, caracterización y diagnóstico de baterías y sus componentes Modelos avanzados y desarrollo de algoritmos de análisis de baterías PRODUCTOS DE MONITORIZACIÓN Y ESTIMACIÓN DEL CICLO DE VIDA DE BATERÍAS CASOS DE ÉXITO Configuración de cookies Sistema de monitorización y diagnóstico de baterías Módulo de medida para sistemas DC Software de monitorización de baterías Rediseño de la arquitectura del sistema de corriente continua en subestación eléctrica y desarrollo de un sistema de monitorización y diagnóstico de baterías de plomo Caracterización electroquímica y ensayos de envejecimiento de baterías de plomo Apoyo en la elaboración de RFQ para la identificación, selección y valoración de proveedores de sistemas de almacenamiento basados en baterías de flujo EN QUE TE PODEMOS AYUDAR SERVICIOS ¿Interesado en trabajar juntos? INGENIERÍA ENSAYOS CONSULTORÍA CONSULTORÍA, ENSAYOS, DISEÑO Y PRODUCTOS A TU MEDIDA Somos especialistas en un campo clave para la transición energética: las baterías. Gracias a nuestro conocimiento y experiencia, trabajamos para impulsar el sector del almacenamiento de energía ofreciendo soluciones a medida de las necesidades de tu negocio. ¿Quieres saber cómo lo hacemos? Las baterías son una de las grandes tecnologías del futuro, lo que explica que cada vez tengan un mayor protagonismo en sectores como la electromovilidad, las energías renovables, las aplicaciones industriales y los dispositivos portátiles. De hecho, el almacenamiento de energía es uno de los mercados que más se está desarrollando y donde más se está innovando en los últimos años. En este aspecto es donde Bcare juega un papel fundamental, aportando servicios de asesoramiento, soluciones y productos innovadores que te permitan mantenerte al día del avance tecnológico de las baterías y a tomar las decisiones correctas para tu negocio. Trabajamos con fabricantes de celdas de baterías y battery packs, diseñadores, integradores, ingenierías y usuarios finales, poniendo a su disposición todos nuestros servicios con un único objetivo: construir juntos el futuro de la industria baterías. Tenemos la solución que mejor se adapta a tus necesidades, cubriendo todas las etapas de la cadena de valor de las baterías: desde la selección de las tecnologías que mejor se adapten a tus aplicaciones de almacenamiento, hasta modelos avanzados de estimación de fin de vida y estado de salud de las baterías; pasando por el desarrollo y diseño de soluciones a medida, definición y ejecución de ensayos de validación de baterías, el diseño, fabricación y pilotaje de preseries de battery packs especiales o la integración de sistemas de almacenamiento. El Módulo de Diagnóstico de Baterías de Bcare, es un dispositivo que monitoriza los parámetros de cada una de las baterías que conforman una bancada, para mantener su estado óptimo y predecir su… El Módulo de Medida es un dispositivo que monitoriza los parámetros eléctricos de un cuadro de distribución de corriente continua. Mide las tensiones y corrientes de hasta dos semibarras, cuenta c… Bcare desarrolla BMS avanzados para baterías de Litio, capaces de monitorizar no solo el comportamiento de la batería completa sino de los diferentes submódulos que la componen y aún más, sobre l… Bcare ha desarrollado un software de monitorización de las baterías equipadas con su Módulo de Diagnóstico, que a través de la información reportada por el Módulo de Diagnóstico informa en tod… Bcare dispone de un desarrollo propio de Battery Pack constituido por celdas de litio de la tecnología LiFePo y un BMS avanzado, que lo convierten en uno de los sistemas de baterías más novedosos y… Rellena el siguiente formulario con información sobre tu proyecto y nos pondremos en contacto contigo lo antes posible. Este sitio está protegido por reCAPTCHA y se aplican la Política de privacidad y los Términos de servicio de Google. Las cookies de este sitio web se usan para personalizar el contenido y los anuncios, ofrecer funciones de redes sociales y analizar el tráfico. Puedes obtener más información y configurar sus preferencias AQUÍ Seleccione de las siguientes opciones que cookies quiere que se guarden, para ello active las que desee recibir y desactive el resto. También puede activar/desactivar todas clicando en la opción correspondiente. Se ha guardado la configuración de cookies correctamente. Se ha producido un error al guardar la configuración de cookies. Cookies que guardan información no personal para registrar información estadística sobre las visitas realizadas a la web. Cookies necesarias para determinadas acciones de marketing, incluyendo visualización de vídeos provenientes de plataformas como Youtube, Vimeo, etc. Cookies relacionadas con mostrar información provenientes de redes sociales o para compartir contenidos de la web en redes sociales. ES Saber más"
https://bcaremb.com/en/case-studies/development-rfq-flow-battery-storage-system,10/23/2023 16:24,"Optimization of maintenance processes for nickel-cadmium (NiCd) batteries Advice and support in the RFQ process of second life battery storage systems for hybridization with a PV plant. Engineering Throughout the project, Bcare identified and contacted potential flow battery suppliers. It also prepared the technical specifications of the system, and once the different offers were received, carried out the technical evaluation of the offers and the LCOS analysis of the different alternatives. 4 14 June, 2023 13 June, 2023"
https://bcaremb.com/en/case-studies/redesign-architecture-direct-current,10/23/2023 16:24,"Client category Purpose Key actions Design of Battery Pack LiFePO4 48 Vdc, 12 Vdc for back-up applications in Transformer Substations. Market study on different storage technologies Distribution System Operator (DSO) During the development of this project, Bcare carried out, together with its client, a complete redesign of the DC distribution system of its electrical substations, which encompassed numerous tasks such as: Evaluation of critical operational parameters specific to the application. Selection of new alternative electrochemical technologies to NiCd. Selection of manufacturers and cells. Electrochemical characterization and aging processes of different cells. Homologation of cells and manufacturers with better performance. Development of advanced sensors at cell level (VTZ) and Battery Diagnostic Module (HW/SW). Development of intelligent diagnostic algorithms and models for SOC, SOH and RMU estimation. Development of remote monitoring system. Redesign of DC switchboards and SMART battery-charger equipment."
https://bcaremb.com/en/case-studies/electrochemical-characterization-aging-tests-batteries,10/23/2023 16:24,"Electrochemical characterization and aging tests of prismatic LiFePO4 cells. The scope of the project consisted of testing different high temperature lead acid cells from different manufacturers, with a triple objective: Characterize and predict the performance of the cells in the final application through electrochemical characterization tests, cycling at different temperatures and C-rates and post-mortem analysis. Selection and homologation of the best performing cells. Obtaining empirical data to feed the SoX algorithms. 20 July, 2023"
https://bcaremb.com/en/contact,10/23/2023 16:24,"For further information about Bcare or the services we offer, don’t hesitate to contact us. Text us If you have a question, don’t hesitate to leave a message. We will reply to you as soon as possible. Per navigare, premi i tasti freccia. Dati mappa ©2023 Google, Inst. Geogr. Nacional 50 m Fai clic per passare dal sistema metrico a quello imperiale e viceversa Call us Questions"
https://bcaremb.com/en/work-with-us,10/23/2023 16:24,Work with us
https://bcaremb.com/en/questions-and-answers,10/23/2023 16:24,"Questions and answers QUESTIONS AND ANSWERS Batteries are important for several key reasons: There are several battery technologies in use today, each with its own characteristics and applications. Some of the main battery technologies are listed below: Importantly, research and development continues in the battery field, with the goal of improving efficiency, storage capacity and lifetime, as well as developing more sustainable and cost-effective technologies to drive the transition to a more sustainable society. Battery testing is vitally important for a number of reasons, each crucial in its own field: There are several types of tests that can be performed on batteries to evaluate their performance, safety and characteristics. Some of the most common tests include: These are just a few examples of the most common tests performed on batteries. Depending on the battery type, application and specific requirements, additional tests may be performed to evaluate parameters such as internal resistance, cycle stability, fast charge capability, among others. The appropriate tests are selected based on the test objectives and standards applicable to the batteries in question. In the context of batteries, the terms ""SoX"" are key to assessing and monitoring battery performance and capacity. These include state of charge (SoC), state of health (SoH), state of energy (SoE), but can also refer to other parameters, such as state of power (SoP) and state of safety (SoS): The state of health (SoH) of a battery is a critical measure of its overall condition and wear over time. Here are some key reasons why a battery´s SoH is important: In short, the state of health (SoH) of a battery is critical to assessing its current performance, planning proper maintenance, ensuring safety, optimizing efficiency and making informed decisions about replacement when necessary. It is an essential metric for understanding and managing the long-term performance of batteries in various applications. A battery state of health (SoH) estimation algorithm takes into account several factors and parameters to assess the overall condition of the battery. Here are some of the aspects that can be considered by a battery SoH estimation algorithm: It is important to note that SoH estimation algorithms can vary depending on the type of battery, the application, and the complexity of the algorithm itself. Some algorithms can be more sophisticated and incorporate machine learning techniques to improve the accuracy of the SoH estimation. In general, these SoH estimation algorithms seek to analyze and correlate multiple parameters and characteristics of the battery to provide an accurate and reliable estimate of its current state of health. The electrochemical technologies of the future in the battery field are under constant development and research. Here are some promising technologies that could have a significant impact on the future of batteries: However, they still face technical challenges in terms of energy density and charging efficiency. These are just some of the electrochemical technologies of the future that are being researched and developed. It is important to keep in mind that battery research is a constantly evolving field, and new technologies and advances may emerge in the future that could have an even greater impact on the development of more efficient, safer and higher capacity batteries. No, all lithium technologies are not the same. While all lithium battery technologies are based on the use of the chemical element lithium for energy storage, there are different types of lithium batteries with different characteristics and properties. Here are some common lithium technologies: Each of these lithium technologies has its own advantages and disadvantages in terms of energy density, lifetime, thermal stability, safety and cost. Choosing the right lithium technology depends on the specific application needs and performance requirements. It is important to consider factors such as capacity, efficiency, lifetime and safety when selecting the most appropriate lithium technology for a given application. Batteries can fail for a variety of reasons. Here are some of the main causes of battery failure: It is important to note that these causes of failure can interact with each other and contribute to the degradation and failure of a battery. Therefore, it is critical to follow the manufacturer´s recommendations, use batteries within their design limits and provide proper care to maximize their performance and life. Thermal runaway is a dangerous phenomenon that can occur in batteries, especially lithium-ion batteries. It refers to a process in which the temperature of the battery increases in an uncontrolled and self-perpetuating manner, which can lead to a chain reaction of heating and, in extreme cases, to the release of flammable gases, explosions and fires. Thermal runaway can be triggered by a variety of causes, such as internal short circuits, overloading, over-discharging, physical impact, structural damage, exposure to extreme temperatures or chemical contamination. These conditions can cause excessive energy release and acceleration of chemical reactions within the battery, resulting in a rapid rise in temperature. As the temperature rises, the internal components of the battery can become damaged, leading to increased heat release and the generation of more gases. This can lead to an even greater increase in temperature and a release of flammable gases, such as hydrogen. If not properly controlled, thermal runaway can lead to a thermal cascade and chain reaction, which can result in battery destruction and dangerous situations, such as fires or explosions. To mitigate the risk of thermal runaway, safety measures are implemented in battery design and manufacturing, such as thermal management systems, short-circuit protection systems and voltage regulators. In addition, it is important to follow the guidelines and precautions recommended by manufacturers for safe battery use, such as avoiding exposure to extreme conditions, charging batteries within established voltage and current limits, and avoiding physical damage or mishandling. Research and development continues in search of solutions that improve battery safety and reduce the risk of thermal runaway. This includes the development of safer materials, thermal shutdown techniques and improved battery temperature management systems. The field of recycling in the battery industry has seen significant advances in recent years, but there are still challenges and opportunities for further improvement. In many countries, battery recycling has become increasingly important due to the growing use of batteries in various sectors, such as consumer electronics, electric mobility and energy storage. Battery recycling is essential to minimize the environmental impact of the materials contained in batteries and to recover valuable metals, such as lithium, cobalt and nickel, which can be reused in new batteries and other products. Currently, there are specialized recycling plants dedicated to the processing of used batteries. These plants use techniques such as crushing, screening, magnetic separation and hydrometallurgy to separate and recover valuable battery components, such as metals. Some emerging technologies, such as pyrometallurgy and selective leaching, are also being investigated to improve the efficiency and cost-effectiveness of battery recycling. However, despite advances, challenges still exist in the field of battery recycling. Some of these challenges include: In summary, the field of recycling in the battery industry has made progress, but there is still work to be done. The battery passport is a regulation approved by the European Union (EU) that seeks to establish a tracking and documentation system for all batteries used in applications such as electric vehicles and energy storage devices.The main objective of the battery passport is to improve the management of batteries throughout their life cycle, from manufacturing to recycling. This is achieved by creating a record of detailed information associated with each battery in circulation, which includes its chemical composition, technical characteristics, storage capacity and estimated useful life.There are several reasons why the battery passport is important: This regulation applies to both cell and battery pack manufacturers, and its communication to the subsequent links in the industry´s value chain and the agents that comprise it is mandatory."
https://bcaremb.com/en/case-studies,10/23/2023 16:24,"Case studies DEVELOPMENT OF SOX ALGORITHMS FOR LEAD-ACID, NICKEL-CADMIUM (NICD) AND LITHIUM BATTERIES. DEVELOPMENT OF SOX ALGORITHMS FOR LITHIUM BATTERIES FOR INTEGRATION INTO AN ENERGY MANAGEMENT SYSTEM (EMS). DURABILITY TESTING OF LITHIUM-ION CELLS (NMC) FOR LIGHT ELECTRIC MOBILITY ELECTROCHEMICAL CHARACTERIZATION AND AGING TESTS OF PRISMATIC LIFEPO4 CELLS. ELECTROCHEMICAL CHARACTERIZATION AND AGING TESTS OF LEAD-ACID BATTERIES DESIGN OF BATTERY PACK LIFEPO4 48 VDC, 12 VDC FOR BACK-UP APPLICATIONS IN TRANSFORMER SUBSTATIONS. REDESIGN OF THE ARCHITECTURE OF THE DIRECT CURRENT SYSTEM IN AN ELECTRICAL SUBSTATION AND DEVELOPMENT OF A MONITORING AND DIAGNOSTIC SYSTEM FOR LEAD BATTERIES. MARKET STUDY ON DIFFERENT STORAGE TECHNOLOGIES ANALYSIS OF EXISTING REGULATIONS AND LEGISLATION REGARDING THE TRANSPORTATION OF LITHIUM BATTERIES, AND PREPARATION OF RECOMMENDATIONS ACCORDING TO PRODUCT PORTFOLIO ANALYSIS. DEVELOPMENT OF A QUALITY CONTROL AND ASSURANCE PROCEDURE FOR BATTERY-BASED ENERGY STORAGE SYSTEMS (BESS). Discover, through the following real-life examples, how we generate value for our customers ADVANCED MODELING"
https://bcaremb.com/en/news,10/23/2023 16:24,"News BCARE continues its new expansion phase with the launch of a new website offering the most complete service catalog for the battery industry BCARE increased its billing a 15% in 2020 supported by new advanced services for energy storage and the management of smart networks BCARE participates in the European project LOLABAT to develop and apply Nickel-Zinc technology in the new high-performance, sustainable and competitive batteries BCARE presents at the VII Smart Grids Conference its system of monitoring and real-time diagnosis of the state of health of substation batteries and smart grids BCARE and CIC energiGUNE present at AVL Tech Week advanced predictive aging models and post-mortem analysis of batteries for the electric vehicle BCARE consolidates its position as a baseline start-up in energy storage in the presence of the automotive industry gathered at AIC Next BCARE, selected by the ""Positive Energy+"" platform to develop its proposal for the digitalization of battery-based storage systems that promote decarbonization INFORMATION, ACTUALITY,OPINIONS... The CIC energiGUNE spin-off, which recently moved its offices to the Ada Lovelace building on the Vitoria Campus of the Basque Country Technology Park… In barely a year of activity, the spin off from CIC energiGUNE, has billed 600,000 euros and counts with a workforce of 10 professionals. The LOLABAT project, in which 17 entities of 7 European countries participate, has been included in the Horizon 2020 program which will receive more than 7 million euros from the European Commission in order to achieve the development of Ni-Zn state-of-the-art batteries. The General Manager of the spin-off created in CIC energiGUNE, Soraya Romo, has brought to the main agents of the sector of Intelligent Electricity Grids the advances obtained in the development of batteries´ health diagnosis models, which allow for a safe exploration of the batteries, as well as reducing costs and extending their lifetime. CIC energiGUNE and its spin-off BCARE have presented today to the automotive industry gathered at the forum AVL Tech Week the advances obtained on the knowledge of the battery. The spin-off created at CIC energiGUNE has been invited by the organizers to the sixth edition of AIC Next – Creativity, Innovation and Values, in order to make its services project of high added value on energy storage known to the companies in the sector. The CIC energiGUNE start up has presented a project that contributes to mitigate the economic and social impact of the current health crisis from the perspective of the energy transition. Filtred by Categories Tags 0"
https://bcaremb.com/en/products/battery-management-system-bms,10/23/2023 16:24,"The BMS periodically monitors the value of the most relevant battery variables. An algorithm interprets this information in real time and makes an estimate of the state of charge (SoC) and state of health (SoH) of the battery. Similarly, it uses the monitoring information to manage the protections, which will disconnect the battery from the charger in case of current (I), voltage (V) or temperature (T) out of range, and generate the corresponding alarms. The BMS includes a communication port with the charger, as well as an LED to inform about the battery status."
https://bcaremb.com/en/products/battery-pack,10/23/2023 16:24,"Bcare has developed its own Battery Pack consisting of LiFePo technology lithium cells and an advanced BMS, which makes it one of the most innovative and reliable battery systems for back up applications replacing lead acid. It is available in 48 Vdc, 15 Ah and 12 Vdc, 45 Ah versions, and all its development has been carried out in-house, both the mechanical design and the HW, SW and SoX estimation algorithms."
https://bcaremb.com/en/products/measurement-module-dc-systems,10/23/2023 16:24,"The Measurement Module is a device that monitors the electrical parameters of a DC distribution panel. It measures the voltages and currents of up to two half-busbars, has digital inputs to monitor the status of a coupling circuit breaker and the configuration of its operating mode (automatic or manual), and digital outputs to act on the circuit breaker through an integrated automatism that resets the circuit breaker after its trip in case of failure. In an installation equipped with rectifier-battery switchgear with the Bcare battery monitoring system, the Measurement Module can be connected to a communications switch of the distribution panel via Ethernet, and have access to the Diagnostic Modules of each rectifier-battery switchgear. In this way, it can order the execution of a battery test to the Diagnostic Modules coordinating all the devices integrated in the system."
https://bcaremb.com/en/products,10/23/2023 16:24,"Products INDUSTRIES WE WORK WITH BATTERY MONITORING AND DIAGNOSTIC SYSTEM MEASUREMENT MODULE FOR DC SYSTEMS BATTERY MANAGEMENT SYSTEM (BMS) BATTERY MONITORING SOFTWARE BATTERY PACK Thanks to our technological and industrial knowledge of the market, we offer different products aimed at maximizing the useful life of the batteries, anticipating the different incidents and problems that may occur in any storage system: The Bcare Battery Diagnostic Module is a device that monitors the parameters of each of the batteries that make up a battery bank, to maintain their optimal condition and predict their degradation, allowing the planning of maintenance work and battery replacement before they have failed. The Measurement Module is a device that monitors the electrical parameters of a DC distribution panel. It measures the voltages and currents of up to two half-breakers, has digital inputs to monitor the status of a coupling breaker and the configuration of its operating mode (automatic or manual), and digital outputs to act on the breaker through an integrated automatism that resets the breaker after tripping in case of a fault. Bcare develops advanced BMS for Lithium batteries, capable of monitoring not only the behavior of the complete battery but also of the different sub-modules that compose it and even more, on the different groupings of cells in parallel that compose each sub-module. Bcare developed monitoring software for the batteries equipped with its Diagnostic Module, which, through the information reported by the Diagnostic Module, informs at any time about the status of each battery, events and alarms produced."
https://bcaremb.com/en/products/battery-monitoring-diagnostic-system,10/23/2023 16:24,"The Diagnostic Module is independent of the rectifier (making it compatible with any rectifier model): it does not interfere with the electronic control and alarms of the equipment; it measures the battery parameters and reports them via Ethernet. To monitor the batteries individually, the Diagnostic Module is connected to sensors called VTZ, placed on the outside of each battery. Each VTZ sensor is connected to each of the batteries or modules that make up the system and monitors voltage (V), temperature (T) and impedance (Z), feeding directly from the battery and communicating in series. In addition to monitoring the battery parameters, the Diagnostic Module can equalize the voltages of each battery if dispersions are detected and optionally perform partial discharges to test the battery to check its state of health. During the operation of the batteries a large volume of information is collected that allows, among other variables (SoX), to estimate the battery life (SoH): The information reported by the system can be integrated into specific monitoring software, or it can be integrated into the customer´s own asset management systems. Optionally, it is possible to connect a discharge resistor to discharge the batteries as a maintenance operation. The value of the resistor, the power dissipated and the mounting position of the resistor must be studied in each case to adapt to the voltages and capacities of the batteries. The Diagnostic Module is prepared to monitor distributed lead acid or NiCd batteries, and can be extended to other electrochemical batteries, including Lithium."
https://bcaremb.com/en/services/advanced-modeling-development-battery-analysis-algorithms,10/23/2023 16:24,Count on BCARE to detect those issues that jeopardize the efficiency of your batteries and extend their life through:
https://bcaremb.com/en/services,10/23/2023 16:24,"Services ENERGY STORAGE CONSULTING AND ADVISORY SERVICES BATTERY AND STORAGE SYSTEMS ENGINEERING, DESIGN AND INTEGRATION TESTING, CHARACTERIZATION AND DIAGNOSIS OF BATTERIES AND BATTERY COMPONENTS ADVANCED MODELING AND DEVELOPMENT OF BATTERY ANALYSIS ALGORITHMS Our services and solutions address any need associated with the complete battery life cycle and its stages: technology selection, technical specification, cell and battery validation tests and trials, battery pack design, battery pack pre-series manufacturing, battery system integration, BMS development, advanced end-of-life model development, battery second life application analysis and storage system component recycling activities... This comprehensive approach covers all those technologies in the market, being experts in advanced lithium battery solutions, nickel-cadmium batteries, advanced lead-acid batteries or redox flow batteries, among others. All this, aimed at any type of sector in which these batteries are to be used: electromobility, stationary applications associated with renewable energy sources such as solar panels or wind energy, portable devices or industrial applications. Selection and analysis of battery technologies suitable for each storage application, studies and analysis associated with cell electrochemistry and technology hybridization models... count on BCARE to make critical decisions for your business. Do you need a customized and personalized solution that does not currently exist on the market? Do you want to improve different parameters (efficiency, safety, life cycle...) of your batteries so that they outperform current technology? Tell us your needs and leave it in expert hands. Battery analysis, electrochemical characterization, aging tests... At BCARE, we have the people and the necessary equipment to offer you the solutions that any storage system requires. Whether at the end of its life or throughout its life, advanced models and battery analysis algorithms allow us to anticipate unexpected battery failure in the first place, simplify maintenance procedures and ultimately determine the problems responsible for malfunctioning or shortening the life of that storage system."
https://bcaremb.com/en/about-us,10/23/2023 16:24,"Bcare MEET OUR TEAM OUR OBJECTIVE OUR ROOTS INNOVATION GLOBAL VISION SOLUTIONS TAILORED TO YOUR NEEDS JAVIER OLARTE SORAYA ROMO MINDING BATTERIES We are an integral service company for the global market of energy storage. We contribute to the development and expansion of the energy storage industry. To this end, we have a multidisciplinary team of experts in the design, manufacture, management and determination of the useful life of batteries, which allows us to provide advanced solutions within the sector. Our origin comes from CIC energiGUNE, a research center in energy storage of international reference. We are its first spin-off and we are born from the work, experience and technological progress in the field of batteries and supercapacitors of this reference center. All this is complemented by the team of experts that make up Bcare, which has extensive knowledge and experience in the industry of power electronics, batteries and storage systems integration. The knowledge, experience and characterization platforms of CIC energiGUNE together with the industrial vision and knowledge, as well as Bcare´s facilities, allow us to develop innovative services and products related to batteries and energy storage. Bcare relies on the talent and experience of a large team of professionals, led by experts in the energy storage sector: CEO GENERAL DIRECTOR"
https://bcaremb.com/en/services/testing-characterization-diagnosis-battery-components,10/23/2023 16:24,The operation of each of the components of a battery is decisive for the resulting set to be as efficient as possible. In BCARE we have the personnel and the necessary equipment to offer you the solutions that any storage system requires:
https://bcaremb.com/en/services/battery-storage-systems-engineering-design-integration,10/23/2023 16:24,"Do you need a customized and personalized solution that does not currently exist on the market? Do you want to improve different parameters (efficiency, safety, life cycle...) of your batteries so that they surpass the current technology? Tell us your needs and leave it in expert hands:"
https://bcaremb.com/en/services/energy-storage-consulting-advisory-services,10/23/2023 16:24,The innovative nature of a sector such as energy storage requires being constantly updated on all the advances that are being developed day by day. Count on BCARE to support you in your critical business decisions:
http://bcaremb.com,10/23/2023 16:24,"Building the future of batteries BUILDING THE FUTURE OF BATTERIES WHAT WE CAN DO FOR YOU Energy storage consulting and advisory services Battery and storage systems engineering, design and integration Testing, characterization and diagnosis of batteries and battery components Advanced modeling and development of battery analysis algorithms BATTERY LIFE CYCLE ESTIMATION AND MONITORING PRODUCTS CASE STUDIES Cookies configuration Battery monitoring and diagnostic system Measurement module for DC systems Battery Management System (BMS) Battery monitoring software Battery pack Redesign of the architecture of the direct current system in an electrical substation and development of a monitoring and diagnostic system for lead batteries. Electrochemical characterization and aging tests of lead-acid batteries Support in the development of RFQs for the identification, selection and evaluation of flow battery-based storage system vendors HOW CAN WE HELP SERVICES Interested in working together? ENGINEERING TESTING CONSULTING CONSULTING, TESTING, DESIGNING AND CUSTOMIZED PRODUCTS We are specialists in a critical field for the energy transition: batteries. Thanks to our knowledge and experience, we work to boost the energy storage sector by offering solutions tailored to the needs of your business. Do you want to know how we do it? Batteries are one of the great technologies of the future, which explains why they are playing an increasingly important role in sectors such as electromobility, renewable energies, industrial applications, and portable devices. In fact, energy storage is one of the markets that has been developing and where most innovation is taking place in recent years. This is where Bcare plays a key role, providing advisory services, solutions and innovative products that allow you to keep up to date with battery technology advancements and make the right decisions for your business. We work with battery cell and battery pack manufacturers, designers, integrators, engineering companies and end users, making all our services available to them with a single goal: to build the future of the battery industry together. We have the solution that best suits your needs, covering all stages of the battery value chain: from selecting the technologies that best suit your storage applications to advanced end-of-life estimation models and battery health status; going through the development and design of customized solutions, definition and execution of battery validation tests, design, manufacturing and piloting of pre-series of special battery packs or integration of storage systems. The Bcare Battery Diagnostic Module is a device that monitors the parameters of each of the batteries that make up a battery bank, to maintain their optimal condition and predict their degradation, al… The Measurement Module is a device that monitors the electrical parameters of a DC distribution panel. It measures the voltages and currents of up to two half-breakers, has digital inputs to monitor t… Bcare develops advanced BMS for Lithium batteries, capable of monitoring not only the behavior of the complete battery but also of the different sub-modules that compose it and even more, on the diffe… Bcare developed monitoring software for the batteries equipped with its Diagnostic Module, which, through the information reported by the Diagnostic Module, informs at any time about the status of eac… Bcare has developed its own Battery Pack consisting of LiFePo technology lithium cells and an advanced BMS, which makes it one of the most innovative and reliable battery systems for back-up applicati… Fill out the following form with information about your project and we will contact you as soon as possible. This site is protected by reCAPTCHA and the Google Privacy Policy and Terms of Service apply. BATTERYCARE S.L. Parque Tecnológico de Miñano Calle Hermanos Elhuyar Nº 4. Pabellón.6 – Oficina 6 ; Edif. ADA LOVELACE 01510, Miñano Mayor (Álava-Araba) (+34) 945 660 050 info@bcaremb.com Cookies on this website are used to personalize content and advertisements, provide social media features, and analyze traffic. You can get more information and configure your preferences HERE Select from the following options which cookies you want to be saved, for this, activate the ones you want to receive and deactivate the rest. You can also enable / disable all by clicking on the corresponding option. The cookie settings have been saved correctly. An error occurred while saving cookie settings. Cookies that store non-personal information to record statistical information about visits to the web. Cookies necessary for certain marketing actions, including viewing videos from platforms such as YouTube, Vimeo, etc. Cookies related to displaying information from social networks or to share web content on social networks. EN Know more"
https://ze-energy.com/politique-de-confidentialite/,10/23/2023 16:24,"Politique de confidentialité Qui sommes-nous ? Cookies Contenu embarqué depuis d’autres sites Les droits que vous avez sur vos données Statistiques et mesures d’audience Informations supplémentaires Comment nous protégeons vos données ZE ENERGY, Société par Actions Simplifiée, au Capital de 510 599 euros Siège social est situé 59, rue des Petits Champs à Paris 75001, immatriculée au RCS de Paris sous le n°852 197 763 n° TVA intracommunautaire : FR94 852 197 763 Adresse contact : contact@ze-energy.com Si vous vous rendez sur la page de connexion, un cookie temporaire sera créé afin de déterminer si votre navigateur accepte les cookies. Il ne contient pas de données personnelles et sera supprimé automatiquement à la fermeture de votre navigateur. Lorsque vous vous connecterez, nous mettrons en place un certain nombre de cookies pour enregistrer vos informations de connexion et vos préférences d’écran. La durée de vie d’un cookie de connexion est de deux jours, celle d’un cookie d’option d’écran est d’un an. Si vous cochez « Se souvenir de moi », votre cookie de connexion sera conservé pendant deux semaines. Si vous vous déconnectez de votre compte, le cookie de connexion sera effacé. En modifiant ou en publiant une publication, un cookie supplémentaire sera enregistré dans votre navigateur. Ce cookie ne comprend aucune donnée personnelle. Il indique simplement l’ID de la publication que vous venez de modifier. Il expire au bout d’un jour. Les pages de ce site peuvent inclure des contenus intégrés (par exemple des vidéos, images, articles…). Le contenu intégré depuis d’autres sites se comporte de la même manière que si le visiteur se rendait sur cet autre site. Ces sites web pourraient collecter des données sur vous, utiliser des cookies, embarquer des outils de suivis tiers, suivre vos interactions avec ces contenus embarqués si vous disposez d’un compte connecté sur leur site web. Les informations recueillies via un formulaire de contact, peuvent être enregistrées dans un fichier informatisé, pour nous permettre de vous recontacter dans le cadre de la relation commerciale qui découle de cette demande. Si vous avez un compte ou si vous avez laissé des commentaires sur le site, vous pouvez demander à recevoir un fichier contenant toutes les données personnelles que nous possédons à votre sujet, incluant celles que vous nous avez fournies. Vous pouvez également demander la suppression des données personnelles vous concernant. Cela ne prend pas en compte les données stockées à des fins administratives, légales ou pour des raisons de sécurité. Google Analytics Ce site Internet utilise Google Analytics, un service d’analyse de site Internet fourni par Google Inc. (“Google”). Google Analytics utilise des “cookies”, qui sont des fichiers texte stockés sur votre ordinateur, pour aider le site Internet à analyser l’utilisation du site par ses utilisateurs. Les données générées par les cookies concernant votre utilisation du site seront transmises et stockées par Google sur des serveurs situés aux Etats-Unis. Si la fonction permettant de rendre anonyme l’adresse IP est activée sur ce site, votre adresse IP sera toutefois, au sein des pays membres de l’Union européenne et dans les autres états membres de l’Espace économique européen, abrégée au préalable par Google. L’adresse IP complète peut être transmise exceptionnellement à un serveur de Google situé aux États-Unis et y être abrégée. La fonction rendant anonyme l’adresse IP est activée sur ce site Internet. Google utilise ces informations pour analyser votre utilisation du site Internet, établir des rapports sur les activités en ligne à l’attention de l’exploitant du site Internet, et améliorer ses prestations de service en lien avec l’utilisation de ce site et de l’Internet. Google ne mettra pas en relation votre adresse IP avec toute autre donnée détenue par Google. Vous pouvez désactiver l’utilisation de cookies en sélectionnant les paramètres appropriés de votre navigateur. Cependant, une telle désactivation pourrait empêcher l’utilisation de certaines fonctionnalités de ce site. Vous pouvez en outre empêcher la saisie par Google des fichiers générés par le cookie se rapportant à votre utilisation du site Internet (y compris votre adresse IP) ainsi que le traitement de ces données par Google en téléchargeant et installant la configuration disponible du moteur de recherche par activation du lien suivant : http://tools.google.com/dlpage/gaoptout?hl=fr. Mises à jour permanentes du CMS et des Plugins Protocole SSL (Secure Sockets Layer) Sauvegarde informatique"
https://ze-energy.com/contact/,10/23/2023 16:24,Contact Formulaire de contact Vous détenez un terrain (de plus de 5ha) que vous souhaitez valoriser au mieux ? Vous développez un projet de centrale photovoltaïque et souhaitez étudier une solution de stockage ? Vous souhaitez acheter de l’électricité verte produite par une de nos centrales hybrides (offre limitée aux gros consommateurs pour le moment) ? Vous souhaitez rejoindre une équipe dynamique qui contribue à construire un monde de demain plus propre et plus décentralisé? Nom Société Email Objet —Veuillez choisir une option— Contact Candidature Votre message (facultatif) —Veuillez choisir une option— Contact Candidature
https://ze-energy.com/en/,10/23/2023 16:24,"an independent producer of renewable energy Founded in 2019 ZE Energy is backed by top-tier financial partners We develop, build and operate hybrid photovoltaic power plants with Energy Storage Storage facilitates the connection of photovoltaic power plants to the electrical grid and can deliver electricity when consumers need it by an experienced multidisciplinary team (3GW+ of solar energy deployed in France and abroad) an producer of energy"
https://ze-energy.com/presse/,10/23/2023 16:24,"Presse LesEchos.fr – Ze Energy s’attaque à l’intermittence de l’électricité solaire La Nouvelle République.fr – À Mennetou-sur-Cher, une centrale solaire d’un nouveau genre Europe1 – Prix de l’énergie : «Le renouvelable est la solution», assure Mathieu Lassagne Usinenouvelle.com – Ze Energy prépare deux centrales solaires pour le premier semestre 2022 Bsmart.fr – Des centrales solaires hybrides adaptées à l’Europe continentale LesEchos.fr – Solaire : Ze Energy décroche 40 millions d’euros et met le cap sur l’Europe Environnement-magazine.fr – Ze Energy prend son envol avec 40 millions d’euros Capital finance / LesEchos.fr – Ze Energy collecte 40 M€ pour sa production d’énergie solaire BFMtv.com – Interview Mathieu Lassagne : Ze Energy lève 40 millions d’euros ZE Energy annonce une nouvelle levée de fonds de 40M€ La Start-up ZE Energy et le Groupe Sorégies annoncent la signature d’un Corporate PPA portant sur 150 GWh/an La Société Hybrisol, codétenue par ZE Energy, boucle le financement de ses premiers projets de centrales solaires hybrides en France ZE Energy s’implante en Allemagne ZE Energy, soutenu à hauteur de 4M€ par Acofi Gestion ZE Energy et Lendosphere lancent une campagne de financement participatif pour la centrale solaire de Mennetou-sur-Cher et sa batterie de stockage ZE Energy et la Banque des Territoires s’associent pour développer des centrales solaires hybrides, combinant photovoltaïque et stockage 8 mois après sa 1ère levée de fonds, ZE Energy affiche ses ambitions en France et à l’International ZE Energy remporte un premier marché en Italie ZE Energy, Lauréat de l’appel d’offre solaire CRE 4.8 ! Le groupe SORÉGIES et ZE Energy inaugurent le premier parc photovoltaïque équipé d’une batterie de stockage ZE Energy finalise une levée de fonds de 4 M€ et accueille de nouveaux partenaires financiers ZE Energy, lauréat de l’appel d’offre long terme organisé par RTE"
https://ze-energy.com/recrutement/,10/23/2023 16:24,Recrutement ZE Energy recherche un-e Chef-fe de projet Développement Foncier – Région Centre et/ou Ouest Chef-fe de Projet Developpement Foncier ________________________________________________________________________________________________ ZE Energy recherche un-e Responsable O&M Responsable O&M ZE Energy recherche un-e Chef-fe de Projet EPC EPC Project Manager ZE Energy recherche un-e Portfolio Manager Portfolio Manager ZE Energy recherche un-e Greenfield Project Developer Italy Greenfield Project Developer Italy ZE Energy recherche un-e Greenfield Project Developer Germany Greenfield Project Developer Germany ZE Energy recherche un-e Business Origination Manager Senior Business Origination Manager ZE Energy recherche un-e Chargé-e de Développement Territorial – STAGE Stage Charge-e de Développement Territorial ZE Energy recherche un-e New Business Developer – STAGE Stage New Business developer
https://ze-energy.com/equipe/,10/23/2023 16:24,"L’équipe de management Mathieu Lassagne Guillaume Brunet Operating Partners Amaury Korniloff Une équipe expérimentée en Photovoltaïque, Stockage d’Energie, Trading d’Energie et Raccordement Réseau CEO CIO DRH Directeur New Business & Origination Country Manager France Country Manager Germany Head of Business Development Southern Europe Directeur des Operations Ancien Directeur Général Délégué et Fondateur de Solairedirect Ancien Directeur Général et Fondateur de Solairedirect"
https://ze-energy.com/vision/,10/23/2023 16:24,"La transition énergétique offre de nouvelles opportunités mais pose de nouveaux défis Les Nouveaux défis Une solution : Le stockage, un rôle essentiel pour le futur Le Stockage Réponse rapide Le développement des énergies renouvelables (éolien & solaire) est désormais porté par leur compétitivité Un réseau électrique de plus en plus saturé et des coûts de raccordement de plus en plus élevés Une production renouvelable qui ne correspond pas aux besoins des consommateurs Des risques sur la valorisation de la production renouvelable dus à l’effet de cannibalisation Capacité à répondre rapidement à des besoins du réseau ou des marchés de l’énergie Capacité à stocker et déstocker de l’énergie au moment le plus opportun Capacité à “déplacer” de l’énergie des périodes de faible demande aux périodes de forte demande"
https://ze-energy.com/references/,10/23/2023 16:24,"Projets Mise en Service : Septembre 2020 Mise en Service : S2 2021 MW Continuando a navigare nel sito, autorizzi l’utilizzo dei cookies inviati da domini di terze parti"
https://www.ze-energy.com,10/23/2023 16:24,"est un producteur indépendant d’énergie renouvelable Créée en 2019 ZE Energy s’appuie sur des partenaires financiers de 1er rang Ze Energy producteur indépendant d’énergie renouvelable Nous développons, construisons et opérons des centrales hybrides photovoltaïques avec du Stockage d’Energie Le stockage facilite le raccordement des centrales photovoltaïques au réseau électrique et permet de disposer de l’électricité lorsque les consommateurs en ont besoin par une équipe pluridisciplinaire expérimentée (+ 3 GW d’énergie solaire déployés en France et à l’international) fr en Menu est un producteur d’énergie Cookies management panel Preferenze per tutti i servizi This site uses cookies necessary for its proper functioning which cannot be deactivated. Google Analytics (GA4) permesso - Questo servizio ha inviato 4 cookies. Google Analytics (universal) Continuando a scorrere, autorizzi l’utilizzo dei cookies inviati da domini di terze parti"
http://vanevo.de,10/23/2023 16:24,"Error: Timeout 30000ms exceeded.
=========================== logs ===========================
navigating to ""http://vanevo.de/"", waiting until ""load""
============================================================"
https://www.accure.net/company/events,10/23/2023 16:24,"Events + Webinars Future Battery Forum 2023 Southeast Renewable Energy 2023 Energy Storage Summit Europe 2024 The smarter E/Intersolar Europe 2024 FEATURED EVENT NOVEMBER 27-28, 2023 Berlin, Germany & Virtual Conference Webinar North America EMEA Virtual Mobility Energy Storage"
http://accure.net,10/23/2023 16:24,"Turn battery data into business intelligence. This website uses cookies [#IABV2_TITLE#] We’re the battery safety experts Battery analytics for what’s next. Customers and partners New to Battery Analytics? What customers have to say Make your battery data work for you. Not the other way around. ACCURE Battery Intelligence by the numbers Let’s create value together Increase your battery IQ Automotive E-bus fleets Energy storage Maritime Pirano Engery prevents failures in commercial energy storage Berlin transport authority rolls out battery safety analytics Soel Yachts and Naval DC monitor battery performance for electric vessels Let's create value out of your battery data Safety Manager Performance Manager Lifetime Manager Managed battery storage Modules managed Battery types Increase in lifetime We do not use cookies of this type. Ensure exceptional battery performance—reliably and safely—with award-winning battery analytics software built by world-class battery experts. Lower your business risks. And gain peace of mind. ACCURE's validated and industry-leading continuous safety monitoring prevents critical battery failures. No more stressing over fire risks and warranties. No more uncertainty about aging batteries. Minimize downtimes. Extend lifetimes. Our Battery Intelligence software use cloud-based analytics to monitor your entire Li-ion battery fleet. With our solutions, battery system developers, owners, operators, asset managers and insurers make data-driven decisions from sports cars to stationary storage. Increase profitability by advancing safety, reliability, and sustainability. Battery safety analytics deliver early warnings for unsafe behavior, preventing fires and downtimes. Get the most out of what you have. Identify underperforming assets and stay within warranty coverage. Get on-demand aging predictions. Inform business strategies with unlimited simulations. Sign up for the battery knowledge newsletter You can unsubscribe at any time. By submitting you accept our Privacy Policy. Necessary Preferences Statistics Marketing 27 CookieConsent Stores the user's cookie consent state for the current domain Expiry: 1 year Type: HTTP test_cookie Used to check if the user's browser supports cookies. Expiry: 1 day li_gc Pending Expiry: 180 days bscookie JSESSIONID Preserves users states across page requests. Expiry: Session vuid Collects data on the user's visits to the website, such as which pages have been read. Expiry: 2 years LAST_RESULT_ENTRY_KEY Used to track user’s interaction with embedded content. nextId requests yt.innertube::nextId Registers a unique ID to keep statistics of what videos from YouTube the user has seen. Expiry: Persistent Type: HTML ytidb::LAST_RESULT_ENTRY_KEY YtIdbMeta#databases Type: IDB yt-remote-cast-available Stores the user's video player preferences using embedded YouTube video yt-remote-cast-installed yt-remote-connected-devices yt-remote-device-id yt-remote-fast-check-period yt-remote-session-app yt-remote-session-name CONSENT Used to detect if the visitor has accepted the marketing category in the cookie banner. This cookie is necessary for GDPR-compliance of the website. CSRF-TOKEN Ensures visitor browsing-security by preventing cross-site request forgery. This cookie is essential for the security of the website and visitor. looker.expires_at looker.session_renewable XSRF-TOKEN __cf_bm [x2] This cookie is used to distinguish between humans and bots. This is beneficial for the website, in order to make valid reports on the use of their website. looker.sameSite 1 lidc 19 _ga [x4] Registers a unique ID that is used to generate statistical data on how the visitor uses the website. _gid [x3] _ga_# Used by Google Analytics to collect data on the number of times a user has visited the website as well as dates for the first and most recent visit. td Registers statistical data on users' behaviour on the website. Used for internal analytics by the website operator. Type: Pixel __hssc Identifies if the cookie data needs to be updated in the visitor's browser. __hssrc Used to recognise the visitor's browser upon reentry on the website. __hstc Sets a unique ID for the session. This allows the website to obtain data on visitor behaviour for statistical purposes. hubspotutk AnalyticsSyncHistory Expiry: 30 days _clck Collects data on the user’s navigation and behavior on the website. This is used to compile statistical reports and heatmaps for the website owner. _clsk c.gif _cltk CLID 17 _gcl_au Used by Google AdSense for experimenting with advertisement efficiency across websites using their services. Expiry: 3 months IDE Used by Google DoubleClick to register and report the website user's actions after viewing or clicking one of the advertiser's ads with the purpose of measuring the efficacy of an ad and to present targeted ads to the user. pagead/landing Collects data on visitor behaviour from multiple websites, in order to present more relevant advertisement - This also allows the website to limit the number of times that they are shown the same advertisement. pagead/1p-conversion/#/ pagead/1p-user-list/# Tracks if the user has shown interest in specific products or events across multiple websites and detects how the user navigates between sites. This is used for measurement of advertisement efforts and facilitates payment of referral-fees between websites. __ptq.gif Sends data to the marketing platform Hubspot about the visitor's device and behaviour. Tracks the visitor across devices and marketing channels. bcookie li_sugr UserMatchHistory MR [x2] Used to track visitors on multiple websites, in order to present relevant advertisement based on the visitor's preferences. Expiry: 7 days MUID [x2] Used widely by Microsoft as a unique user ID. The cookie enables user tracking by synchronising the ID across many Microsoft domains. SRM_B Tracks the user’s interaction with the website’s search-bar-function. This data can be used to present the user with relevant products or services. ANONCHK Registers data on visitors from multiple visits and on multiple websites. This information is used to measure the efficiency of advertisement on websites. SM Registers a unique ID that identifies the user's device during return visits across websites that use the same ad network. The ID is used to allow targeted ads. rack.session Used in context with video-advertisement. The cookie limits the number of times a user is shown the same advertisement. The cookie is also used to ensure relevance of the video-advertisement to the specific user. 0 [#BULK_CONSENT_DOMAINS_COUNT#] List of domains your consent applies to: Do not sell or share my personal information Cookiebot by Usercentrics business intelligence. battery data work for you. Work email * Which application? Touch Points"
https://basquevolt.com/en/news/news/basquevolt-present-in-the-lcbat12019-cluster,10/23/2023 16:24,"A unique opportunity to exchange views on the current state of our industry This past week, on the 27th and 28th of September; our R&D Director Vincent Giordani participated on the #LCBAT12019 Cluster Innovation and Networking Days celebrated in Grenoble, France. The conference had as an objective the sharing of views about solid-state batteries and the current situation of our industry. The subjects of the round tables ranged from recycling regulations, to raw materials supply chain ecosystem and the clear interest Europe has in fully supporting scientific research. We are glad we were represented among the top voices of the matter and deeply appreciate the interest expressed for our company by professionals of such level."
https://basquevolt.com/en/news/news/araba-talent-a-strong-answer-to-the-rising-demand-for-highly-qualified-talent,10/23/2023 16:24,"A joint effort to form Alava talent Our People Specialist, Ana Elcarte, represented Basquevolt this Monday 2nd of October in the second edition of the Araba Talent Program. Launched by the provincial council of Alava, this project consists on a set of scholarships that will cover the tuition and maintenance expenses of 9 postgraduate students who will become part of the different companies participating in the Araba Talent Program after their studies finish. In the words of Deputy General Ramiro Gonzalez: “If we want to be an avant-garde and innovative territory, we are going to have to look for formulas to maintain and attract talent.” We look forward to seeing the outcome of this innovative program."
https://basquevolt.com/en/news/news/an-uplifting-inspirational-forum-for-young-professionals-searching-for-a-sustainable-change,10/23/2023 16:24,"Basquevolt, present at the EIT Raw Materials Expert Forum “Materials for Battery Innovation” This past week Basquevolt participated in the “Materials for Battery Innovation” Expert Forum organized by EIT Raw Materials and celebrated in Darmstadt, Germany. The company was represented by Electrolyte and Sustainability Process Engineer Jon Guisasola, who shared with the attendees his career experience in battery recycling and the insights it gave him on the talent and skill building needed in this fast growing industry. He participated in the session “Developing Skillsets for Battery Innovation”, moderated by Steffen Robert, Business Development Manager at EIT RawMaterials, and got the chances to answer the questions of the students of the EIT-labeled AMIR Msc; bright young minds that will surely become part of the group of professionals working for a green transition in the near future."
https://basquevolt.com/en/news,10/23/2023 16:24,"News Basquevolt begins construction works for their new Prototype Zone Basquevolt, present in the second edition of the Green Cities Forum 2023 Basquevolt signs a new collaboration agreement with the multinationals Fives Group and Hynn Technology Basquevolt participated this Monday 2nd of October in the second edition of the Araba Talent Program, a project consisting of a set of scholarships that will cover the tuition and maintenance expenses… Basquevolt began, the past Tuesday 8th of August, the construction works for their new Prototype Zone. Basquevolt has participated, this Wednesday 5th of July, in the roundtable of the second edition of the Green Cities Forum 2023; celebrated at the Europe Palace of Vitoria-Gasteiz. Fives Group, Basquevolt and Hynn Technology join forces to design an innovative solution in the finishing of solid-state batteries that the Vitoria-based company plans to launch to the market in 2027. 08 AUG 2023 05 JUL 2023 JUN 2023 « Previous 1 » Next"
https://basquevolt.com/eu,10/23/2023 16:24,"BASQUEVOLT. Aitzindariak gara Europan egoera solidoko baterietan GURE TEKNOLOGIA GURE INBERTITZAILEAK AZKEN BERRIAK Gurekin lan egin Harremanetarako informazioa: Helbidea Telefonoa: (+34) 945 04 49 82 BASQUEVOLTek estatu solidoko litiozko baterien hurrengo belaunaldiko Europako liderra izan nahi du. Gure teknologiak garraio elektrikoaren hedapen masiboa, energia estazionarioaren biltegiratzea eta gailu eramangarri aurreratuak ahalbidetuko ditu. Baterien teknologia sendo eta jasangarria garatzen ari gara, seguruagoa eta oso lehiakorra, ibilgailu elektrikoetarako, garraio astunerako, energia berriztagarrietarako eta gailu elektronikoetarako material eta gelaxka onenekin. Hori posible da gure elektrolito konposatu patentatuari esker; CIC energiGUNEn, Europako erreferentziazko ikerketa-zentroan, munduko egoera solidoko bateria-ikertzaile arrakastatsuenetako batzuek egindako 10 urte baino gehiagoko ikerketaren emaitza. Basquevolt akziodun talde sendo batek babesten du, energiaren eta automobilgintzaren sektoreko industria-eragile handiak, Euskadiko eta Espainiako gobernuekin batera. Egoera solidoko bateria seguruena eta lehiakorrena Webgune honetako cookiak edukia eta iragarkiak pertsonalizatzeko, sare sozialetan funtzioak eskaintzeko eta trafikoa aztertzeko erabiltzen dira. URR 2023 IRA 2023"
https://basquevolt.com/es,10/23/2023 16:24,"BASQUEVOLT. Pioneros en Europa en baterías de estado-sólido NUESTRA TECNOLOGÍA NUESTROS INVERSORES ÚLTIMAS NOTICIAS Trabaja con nosotros Un foro inspirador e instructivo para jóvenes profesionales que buscan un cambio sostenible Araba Talent, una respuesta sólida a la creciente demanda de talento altamente cualificado Basquevolt particpa en el #LCBAT12019 Cluster Información de contacto: Dirección Teléfono: (+34) 945 04 49 82 BASQUEVOLT aspira a convertirse en el líder europeo de la próxima generación de baterías de litio de estado sólido. Nuestra tecnología hará posible el despliegue masivo del transporte eléctrico, el almacenamiento de energía estacionario y los dispositivos portátiles avanzados. Estamos desarrollando una tecnología de baterías de estado sólido sostenible, más segura y muy competitiva, con los mejores materiales y celdas para vehículos eléctricos, transporte pesado, energías renovables y dispositivos electrónicos. Esto es posible gracias a nuestro electrolito compuesto patentado, resultado de más de 10 años de investigación realizada por algunos de los investigadores de baterías de estado sólido más exitosos del mundo en el CIC energiGUNE; uno de los 3 centros de investigación de referencia en Europa en almacenamiento de energía y baterías. Basquevolt está respaldada por un sólido grupo de accionistas. Grandes actores industriales del sector de la energía y la automoción, junto con el Gobierno Vasco. Jon Guisasola, Electrolyte and Sustainability Process Engineer de Basquevolt, participó en el Expert Forum “Materials for Battery Innovation” organizado por EIT Raw Materials en Darmstadt, Alemania. Basquevolt participó este lunes 2 de octubre en la segunda edición del Programa Araba Talent, un proyecto consistente en un conjunto de becas que cubrirán los gastos de matrícula y manutención de 9 estudiantes de po… La semana pasada, nuestro Director de I+D, Vincent Giordani, participó como ponente en las Jornadas de Innovación y Creación de Redes de Clusters #LCBAT12019, una conferencia organizada por ASTRABAT en Grenoble, Francia. La batería de estado sólido más segura y competitiva Las cookies de este sitio web se usan para personalizar el contenido y los anuncios, ofrecer funciones de redes sociales y analizar el tráfico."
https://basquevolt.com/en/contact,10/23/2023 16:24,"Contact You can contact Basquevolt by sending a message through our contact form. This site is protected by reCAPTCHA and the Google Privacy Policy and Terms of Service apply. Email * Name * Surname * Company * Position Subject Consultation * Per navigare, premi i tasti freccia."
https://basquevolt.com/en/careers,10/23/2023 16:24,Careers Employment opportunities We are looking for talented people with experience in battery technology who share our ambition and who want to grow with us on the path towards a sustainable society.
https://basquevolt.com/,10/23/2023 16:24,"BASQUEVOLT. European pioneers in solid-state batteries OUR TECHNOLOGY OUR INVESTORS LAST NEWS CAREERS An uplifting inspirational Forum for young professionals searching for a sustainable change Araba Talent, a strong answer to the rising demand for highly qualified talent Basquevolt, present in the #LCBAT12019 Cluster Contact information: Address Email: info@basquevolt.com Telephone: (+34) 945 04 49 82 Parque Tecnológico ı C/Albert Einstein, 35 01510 Vitoria-Gasteiz ı (Álava) SPAIN BASQUEVOLT aims to become the European leader in the next generation of solid-state lithium batteries. Our technology will make possible the mass deployment of electric transportation, stationary energy storage and advanced portable devices. We are developing sustainable, safer, and very competitive solid-state battery technology with the best materials and cells for electric vehicles, heavy transport, renewable energy, and electronic devices. This is possible thanks to our proprietary composite electrolyte that results from more than 10 years of research done by some of the world´s most successful solid-state battery researchers at the CIC energiGUNE; one of the top 3 reference research centers in Europe in energy storage and batteries. Basquevolt is backed by a strong group of shareholders. Major industrial players in the energy and automotive sectors, together with the Basque Government. Jon Guisasola, Electrolyte and Sustainability Process Engineer at Basquevolt, participated in the Expert Forum “Materials for Battery Innovation” organized by EIT Raw Materials in Darmstadt, Germany. Basquevolt participated this Monday 2nd of October in the second edition of the Araba Talent Program, a project consisting of a set of scholarships that will cover the tuition and maintenance expenses of 9 postgraduate students. The past week our R&D Director Vincent Giordani participated as speaker on the #LCBAT12019 Cluster Innovation and Networking Days, a conference organized by ASTRABAT in Grenoble, France. We are looking for talented people with experience in battery technology to share our ambition to build a sustainable world. The safest and most competitive solid-state battery info@basquevolt.com (+34) 945 04 49 82 Cookies on this website are used to personalize content and advertisements, provide social media features, and analyze traffic. BASQUEVOLT. 11 OCT 2023 02 27 SEP 2023"
http://www.tuscantech.it/,10/23/2023 16:24,Sito web in manutenzione
https://www.volterion.com/impressum/,10/23/2023 16:24,"Impressum Kommanditgesellschaft Volterion GmbH & Co. KG Carlo-Schmid-Allee 3 D-44263 Dortmund Tel.: +49 231 48822 100 info@volterion.com Amtsgericht Dortmund HRA 19107 USt-ID Nummer: DE341548629 Persönlich haftende Gesellschafterin DATENSCHUTZ Erhebung und Verarbeitung persönlicher Daten In der Regel können Sie unsere Seiten besuchen, ohne dass wir persönliche Daten von Ihnen benötigen. Wir erfahren nur den Namen Ihres Internet Service Providers, die Webseite, von der aus Sie uns besuchen und die Webseiten, die Sie bei uns besuchen. Diese Informationen werden zu statistischen Zwecken ausgewertet, der einzelne Benutzer jedoch bleibt hierbei anonym. Persönliche Daten werden nur dann erhoben und verarbeitet, wenn Sie unsere Service-Angebote nutzen und die für die Bearbeitung Ihres Wunsches notwendigen Daten angeben. In einigen Bereichen der Internetseiten setzen wir so genannte Cookies ein, um Ihnen unsere Leistung individueller zur Verfügung stellen zu können. Cookies sind Kennungen, die ein Webserver an Ihren Computer senden kann, um ihn für die Dauer des Besuches zu identifizieren. Sie können Ihren Browser so einstellen, dass er Sie über die Platzierung von Cookies informiert. So wird der Gebrauch von Cookies für Sie transparent. Personenbezogene Daten Soweit die Möglichkeit zur Eingabe personenbezogener Daten besteht, werden diese vertraulich und unter Beachtung der datenschutzrechtlichen Vorschriften behandelt. Personenbezogene Daten werden nur erhoben und genutzt, soweit es für die inhaltliche Ausgestaltung oder Abwicklung des jeweiligen Vertragsverhältnisses erforderlich ist. Der Nutzer kann jederzeit Auskunft über die von ihm gespeicherten personenbezogenen Daten verlangen. Ferner kann er die Löschung der von ihm gespeicherten personenbezogenen Daten verlangen, sofern das Vertragsverhältnis vollständig abgewickelt ist und die Aufbewahrung der Daten nicht vorgeschrieben ist. Nicht personenbezogene Daten Bei jedem Seitenzugriff werden Zugriffsdaten über diesen Vorgang in einer Log-Datei gespeichert. Diese Daten sind nicht personenbezogen; wir können somit nicht nachvollziehen, welcher Nutzer welche Daten abgerufen hat. Im Einzelnen wird über jeden Abruf folgender Datensatz gespeichert: Haftung für Inhalte Die Inhalte unserer Seiten wurden mit größter Sorgfalt erstellt. Für die Richtigkeit, Vollständigkeit und Aktualität der Inhalte können wir jedoch keine Gewähr übernehmen. Als Diensteanbieter sind wir gemäß § 7 Abs.1 TMG für eigene Inhalte auf diesen Seiten nach den allgemeinen Gesetzen verantwortlich. Nach §§ 8 bis 10 TMG sind wir als Diensteanbieter jedoch nicht verpflichtet, übermittelte oder gespeicherte fremde Informationen zu überwachen oder nach Umständen zu forschen, die auf eine rechtswidrige Tätigkeit hinweisen. Verpflichtungen zur Entfernung oder Sperrung der Nutzung von Informationen nach den allgemeinen Gesetzen bleiben hiervon unberührt. Eine diesbezügliche Haftung ist jedoch erst ab dem Zeitpunkt der Kenntnis einer konkreten Rechtsverletzung möglich. Bei Bekanntwerden von entsprechenden Rechtsverletzungen werden wir diese Inhalte umgehend entfernen. Haftung für Links Unser Angebot enthält Links zu externen Webseiten Dritter, auf deren Inhalte wir keinen Einfluss haben. Deshalb können wir für diese fremden Inhalte auch keine Gewähr übernehmen. Für die Inhalte der verlinkten Seiten ist stets der jeweilige Anbieter oder Betreiber der Seiten verantwortlich. Die verlinkten Seiten wurden zum Zeitpunkt der Verlinkung auf mögliche Rechtsverstöße überprüft. Rechtswidrige Inhalte waren zum Zeitpunkt der Verlinkung nicht erkennbar. Eine permanente inhaltliche Kontrolle der verlinkten Seiten ist jedoch ohne konkrete Anhaltspunkte einer Rechtsverletzung nicht zumutbar. Bei Bekanntwerden von Rechtsverletzungen werden wir derartige Links umgehend entfernen. Urheberrecht Die durch die Seitenbetreiber erstellten Inhalte und Werke auf diesen Seiten unterliegen dem deutschen Urheberrecht. Die Vervielfältigung, Bearbeitung, Verbreitung und jede Art der Verwertung außerhalb der Grenzen des Urheberrechtes bedürfen der schriftlichen Zustimmung des jeweiligen Autors bzw. Erstellers. Downloads und Kopien dieser Seite sind nur für den privaten, nicht kommerziellen Gebrauch gestattet. Soweit die Inhalte auf dieser Seite nicht vom Betreiber erstellt wurden, werden die Urheberrechte Dritter beachtet. Insbesondere werden Inhalte Dritter als solche gekennzeichnet. Sollten Sie trotzdem auf eine Urheberrechtsverletzung aufmerksam werden, bitten wir um einen entsprechenden Hinweis. Bei Bekanntwerden von Rechtsverletzungen werden wir derartige Inhalte umgehend entfernen. Google™ Analytics Diese Website benutzt Google™ Analytics, einen Webanalysedienst der Google Inc. („Google“). Google Analytics verwendet sog. „Cookies“, Textdateien, die auf Ihrem Computer gespeichert werden und die eine Analyse der Benutzung der Website durch Sie ermöglichen. Die durch den Cookie erzeugten Informationen über Ihre Benutzung dieser Website (einschließlich Ihrer IP-Adresse) wird an einen Server von Google in den USA übertragen und dort gespeichert. Google wird diese Informationen benutzen, um Ihre Nutzung der Website auszuwerten, um Reports über die Websiteaktivitäten für die Websitebetreiber zusammenzustellen und um weitere mit der Websitenutzung und der Internetnutzung verbundene Dienstleistungen zu erbringen. Auch wird Google diese Informationen gegebenenfalls an Dritte übertragen, sofern dies gesetzlich vorgeschrieben oder soweit Dritte diese Daten im Auftrag von Google verarbeiten. Google wird in keinem Fall Ihre IP-Adresse mit anderen Daten von Google in Verbindung bringen. Sie können die Installation der Cookies durch eine entsprechende Einstellung Ihrer Browser Software verhindern; wir weisen Sie jedoch darauf hin, dass Sie in diesem Fall gegebenenfalls nicht sämtliche Funktionen dieser Website vollumfänglich nutzen können. Durch die Nutzung dieser Website erklären Sie sich mit der Bearbeitung der über Sie erhobenen Daten durch Google in der zuvor beschriebenen Art und Weise und zu dem zuvor benannten Zweck einverstanden. Das Deaktivierungs-Add-on für Browser von Google Analytics gibt dem Website-Besucher mehr Kontrolle darüber, welche Daten zu aufgerufenen Websites von Google Analytics erfasst werden. Sollten Sie keine Speicherung Ihrer Daten wünschen, installieren Sie sich bitte das von Google bereitgestellte De-Aktivierungswerkzeug unter http://tools.google.com/dlpage/gaoptout?hl=de. d.zivkovic 2022-01-14T13:42:15+01:00"
https://www.volterion.com/en/contact-volterion/,10/23/2023 16:24,Address Volterion GmbH & Co. KG Carlo-Schmid-Allee 3 44263 Dortmund Germany Approach Contact You have any general questions? Please contact us at info@volterion.com Social Media Product Information Are you interested in our products or have technical questions about our technology? Send us a message – we will contact you as soon as possible. Your first name and last name * Your company * Your phone-number * Yor email-address * You are interested in: * – Bitte auswählen – Stacks Systems Control  Subject * Your message * How did you hear about us? – Bitte auswählen – Search engine Recommendation Trade Fair Print media Online media Weblink Miscellaneous  I have read and accepted the privacy policy. I agree that my form data are stored for the establishment of contact and/or for the treatment of my request. * Kontakt EN NEU 2021-04-14T10:44:22+02:00 * Pflichtfelder
https://www.volterion.com/unternehmen/,10/23/2023 16:24,"UNTERNEHMEN Mit viel Platz für Produktionsräume, Labore, Versuchsflächen sowie für Büroräume haben wir unseren Sitz heute im Technologiepark Phoenix-West in Dortmund – einem fortschrittlichen Industriestandort in Deutschland. Volterion wurde im Jahr 2015 als Spin-Off des Fraunhofer Instituts UMSICHT gegründet. Von Anfang an haben wir unsere Kraft in die Entwicklung des Stack gesteckt – den Energiewandler einer Redox-Flow-Batterie und damit die Basis für ein effizientes System. Nach aufwändiger Entwicklungsarbeit produzieren wir unsere Stacks heute nach einem einzigartigen Herstellverfahren, das wir stetig weiter verbessern. Auf dieser Basis erarbeiten wir außerdem innovative Energiesysteme, wie z.B. die powerRFB. Eine skalierbare Batterie in kompaktem Gehäuse die höchste industrielle Ansprüche bedient und in vielen verschiedenen Anwendungsfällen Ihren Einsatz findet. Volterion hat bereits zahlreiche Auszeichnungen für seine Technologie und sein Geschäftsmodell erhalten, unter anderem ACHEMA Founder Award Energy (2015), TU Startup Award (2015), KUER Growing Business Award (2017), Red Herring Top 100 (2017) und EIT Climate-KIC European Cleantech Top 30 (2018). Systeme Über uns Unternehmen Aktuelles Kontakt KARRIERE Unternehmen NEU 2022-02-04T10:14:55+01:00 Kontaktieren Sie uns"
https://www.volterion.com/en/company-volterion/,10/23/2023 16:24,"COMPANY With plenty of space for production rooms, laboratories, test areas and offices, we are now based in the Phoenix-West Technology Park in Dortmund – a progressive industrial location in Germany. Volterion was founded in 2015 as a spin-off of the Fraunhofer Institute UMSICHT. Right from the start, we put our energy into the development of the stack – the energy converter of a redox flow battery. This is the basis for an efficient system. After extensive development work, we now produce our stacks by using an unique manufacturing process that we are constantly improving. On this basis, we also develop innovative energy systems such as the powerRFB. A scalable battery in a compact housing that meets the highest industrial demands and is used in many different applications. Sascha Berthold and Thorsten Seipp are the founders of the company and have been involved in the development of Volterion technology. Together with Kees van de Kerk they form the management today. Volterion is the proud winner of many awards for its technology and business model , including the ACHEMA Energy Founders Award, the TU Startup Award, the KUER Growing Business Award and the Best Pitches Award. Unternehmen EN NEU 2021-10-04T11:24:48+02:00"
https://www.volterion.com/en/systems/,10/23/2023 16:24,"Next generation storage system. For the network of the future. THE SOLUTION FOR YOUR INDIVIDUAL APPLICATION OUR GOAL IS TO OFFER SOLUTIONS FOR VARIOUS CHALLENGES IN THE ENERGY SECTOR WORLDWIDE With the new powerRFB, we meet the highest demands of industrial high-power applications. Thanks to the innovative manufacturing process, another benefit is the enormous perfomance in the smallest space possible. This storage system allows continuous operation at full capacity even after 20,000 cycles. The Volterion powerRFB is easily scalable with a lot of flexibility to multi-MW and offers considerable economic and performance-related advantages. The systems open gates to new markets and a return on investment of 3 to 5 years. In addition to significant cost advantages, the system offers a number of technical advantages over other battery technologies: Systems-EN-NEU 2021-10-13T11:07:13+02:00 For the network of the future."
https://www.volterion.com/en/stacks-en-neu/,10/23/2023 16:24,"Innovative. Powerful. Reliable. Volterion is a global leader of high-quality performance stacks. Stacks are the cores of all flow batteries and they determine the power delivery of such a system. Flow-Battery-Stacks consist of multiple electrochemical cells which are stacked together. They are the component of the battery where the power delivery and energy storage take place by transition of chemically bonded energy to electric power and vice versa. Volterions proprietary design and manufacturing process is based on a high accuracy laser welding process, unlike traditional stacks that employ gaskets. While gaskets tend to set over time and thus can cause leakages, Volterion stacks are inherently leak-tight and very robust. As there is no compression force needed to seal gaskets, no heavy and costly end-plates are needed for Volterion stacks. This assembly makes them not only compact, lightweight, safe and reliable but also very cost-effective. Each Volterion stack features a dedicated electronic stack monitoring system which is implemented within the stack itself to ensure optimal operating conditions. The good news: A long service life is guaranteed. Volterion Stacks allow the use of different electrolytes, which enables customers to tailor stationary battery solutions to suit multiple application scenarios. Stacks-EN-NEU 2021-10-13T11:05:59+02:00"
https://www.volterion.com/en/,10/23/2023 16:24,"STACKS SYSTEMS Innovative, powerful and reliable stacks Next generation storage systems We make the energy transition work 15.000+ CHARGE/DISCHARGE CYCLES FLEXIBLE SCALING 20+ YEARS LIFETIME INTEGRATED BALANCING-UNIT NON-FLAMMABLE ELECTROLYTE MINIMUM ENVIRONMENTAL IMPACT SEAL-FREE WELDED HIGHLY EFFICIENT CELL THICKNESS REDUCED BY 50% LOW WEIGHT SIMPLE INSTALLATION LOW MATERIAL COSTS LEARN MORE ABOUT OUR PRODUCTS Volterion is one of the world’s leading suppliers of high quality, high-performance stacks. Volterion’s high-tech design is based on weldable, innovative, flexible bipolar graphite electrodes that result in compact, lightweight and reliable stacks. Our stacks can be continuously monitored to ensure optimal operation. Volterion stacks allow the use of different electrolytes – so stationary battery solutions can be tailored to your application requirements. With the new powerRFB we serve the highest demands of industrial high-power applications and enable enormous performance in the smallest possible space with the help of the innovative manufacturing process. Thanks to innovative stack technology, it is extremely cycle-resistant and therefore particularly durable. The optimum solution for the most demanding applications – private solar systems, commercial and industrial storage as well as demanding large-scale power plants. | Stacks Systems About Us Company Contact Home EN Verena Vitzthum 2022-05-24T10:58:44+02:00 Volterion’s high-tech design is based on weldable, innovative, flexible bipolar graphite electrodes that result in compact, lightweight and reliable stacks. Our stacks can be continuously monitored to ensure optimal operation. Volterion stacks allow the use of different electrolytes – so stationary battery solutions can be tailored to your application requirements. Contact us Diese Webseite verwendet Cookies. Die Cookies tragen dazu bei, dass unsere Website richtig reagiert und die erwarteten Dienste bietet. Dazu zählen das Navigieren auf Webseiten und der Zugriff auf geschützte Website-Bereiche. Ohne diese Cookies funktioniert diese Website nicht richtig. Durch die Nutzung unserer Internetseite stimmen Sie der Nutzung von Cookies zu. OKNeinWeiterlesen Go to Top"
https://www.aboutenergy.io/cell-library,10/23/2023 16:24,Cells A123_18650_M1A A123 INR21700-P42A Molicel US18650VTC6 Sony LR2170SD Lishen INR18650-35E Samsung INR21700-50G INR21700-50E INR18650-30Q INR18650-MJ1 LG Chem US21700VTC6A Murata INR-18650-P28A INR21700-M50LT INR21700-48X INR21700-50S INR21700-40T LR2170SF INR21700-M50 APR18650M1B LithiumWerks INR21700-P45B NL1834 Nitecore B30 Vapcell NCM18650-260 DLG NCR18650B Panasonic INR-18650-M35A NCR18650G-H09NA Sanyo INR18650-15M INR18650-25R INR18650 M26 N18650CNP BAK Centralising battery data Take a sneak peek into The Voltt Search Get more data <
https://www.aboutenergy.io/design-system,10/23/2023 16:24,"Gain access to our free trial Learn more by reading our blog DEFINE DESIGN DECIDE 1 month 10+ Input your data ​Review battery design insights Make informed decisions Redefining battery pack design and optimisation free trial cells available for pack simulations Samsung 50G • LG Chem M50LT • Molicel P45B • Lithiumwerks M1B • LG Chem MJ1 • Tesla 4680 • Samsung 50S • Molicel P42A • Samsung 40T • Samsung 48X and many more. Pick your cell, choose your architecture and define the end-of-life capacity of your system We do the difficult calculations so that you don't have to. Make decisions driven by real data with cell-level specificity. Our software tool enables engineers to streamline the design process, predict performance, identify issues, and optimise battery pack configurations, ensuring efficient and reliable solutions. Say goodbye to time-consuming and costly design processes, and embrace a future of electrification with confidence. Gain access to our streamline the design process predict performance identify issues optimise battery pack configurations,"
https://www.aboutenergy.io/contact,10/23/2023 16:24,"Get in touch If you have any enquiries or feedback, please fill out this form below or email us directly at contact@aboutenergy.co.uk and we'll get back to you as soon as possible. Also, don't forget to follow us on our social media platforms for regular updates. I agree to be contacted by About:Energy."
https://www.aboutenergy.io/enterprise-solutions,10/23/2023 16:24,"Enterprise solutions At About:Energy, we offer enterprise solutions for large companies looking for a more customised approach. Our services are tailored to meet the unique needs and goals of each client, and we work closely with them to understand their specific requirements and provide the most effective solutions. With our innovative approach and cutting-edge technology, we can help companies stay ahead of the competition and establish industry-leading battery integration. If you would like to learn more about our enterprise solutions, please fill out this form and we'll get back to you as soon as possible. Submit"
https://www.aboutenergy.io/news,10/23/2023 16:24,"Top 50 European Startups in Clean Tech About:Energy Secures £1.5m Seed Investment to Position UK as Battery Data Leader How About:Energy is Revolutionizing Battery Research & Development - with Gavin White Powering the Future: How Governments are Supporting Battery Production for Electric Vehicles Battery ageing models will help stretch the green benefits of electric vehicles 80 UK Climate Tech Startups To Know Episode 85 – Interview – Gavin White, CEO, About:Energy Battery Development 2.0 Here’s how the US battery industry evolved in 2022 Battery design platform is technology agnostic About:Energy launches battery design platform U Birmingham spinout About:Energy launches battery design platform Spinout About:Energy launches revolutionary battery design platform OakNorth, S-Cube and Intercalation founders back university battery spinout About:Energy Tech entrepreneurs join forces to invest in Imperial battery startup Businesses awarded £1.8m for electric vehicle technology Commercial UK battery modelling capability to speed up battery development in UK Pioneering digital twin consultancy targets rapid battery development New spinout aims to speed up battery development European Startup Prize for Mobility About:Energy Things Have Changed Imperial College London Climate Hack weekly etech49 Intercalation Station Tech Brew EEnews Power The Business Magazine Green Car Congress University of Birmingham The Business Desk The Faraday Institution"
https://www.aboutenergy.io/team,10/23/2023 16:24,Meet our Team Meet our Research Affiliates Meet our Non-Executive Directors and Advisors Gavin White Kieran O'Regan Jamie Higgins Dr. Edmund Dickinson Dr. Ben Simon Dr. Yashraj Tripathy Daren Tan Darryl Doyle Christian Pilling Erin Coyle Lucy Simon AJ Sung Hamza Hasan Sam Hair Isabella Stephens Marcus Tuchel Giar Alsofi Ethan Williams Sarat Alabidun Neil Morris Prof. Emma Kendrick Dr. Nikhil Shah Dr. Alastair Hales Dr. Yatish Patel Nick Edge Rishi Khosla OBE Prof. Nigel Brandon OBE Nigel Taylor Andrew Gilbert Head of Electrochemistry Head of Technical Operations Head of Product Head of Business Development Senior Simulation Engineer Simulation Engineer Business Development Analyst Product Design Engineer Senior Software Engineer Software Engineer Battery Scientist Chairman Director Sales Strategy Advisor Business Strategy Advisor Technical Advisor Scientific Advisor Executive Advisor
https://www.aboutenergy.io/voltt,10/23/2023 16:24,"The Voltt is designed to seamlessly integrate into your existing workflow. We understand the importance of accuracy and efficiency in battery analysis, and our platform is tailored to provide high-accuracy battery models, without disrupting your current software systems. Our platform is flexible and adaptable, making it easy to use, and a valuable addition to your team's toolkit. Subscription Tiers Enter Enter to electrify ​ Explore Explore new innovation Elevate Elevate your business The Battery Data Platform Supply Chain Enterprise Services Would you like to learn more? Big Data White Box Platform Agnostic Our battery data platform offers tiered subscriptions, allowing customers to choose the level of access and features that best suit their needs. For those beginning their battery development process. For those looking to leverage new technologies. For those positioning themselves as industry leaders. Gain access to powerful models that can help optimise battery design and extend battery life. Upgrade your battery technologies with our user-friendly platform and gain the insights necessary to make data-driven decisions. Our platform provides users with access to a wide variety of battery models, including cylindrical, pouch, and prismatic cells. This allows users to easily compare and analyse different battery types and make informed decisions about which cells are best suited for their specific needs. Unlike traditional black box solutions, which hide the underlying models and inputs, the Voltt allows users to see inside the models. This transparency enables users to understand how our models work. The ability to see inside the models allows users to gain full insights on their batteries performance and make data-driven decisions. Empirical models that predict the voltage-current behaviour of a battery Benchmarking System design Cell selection Physical models that predict how the battery heats up and cools down Cell design Fast charging Physical models that predict the voltage-current behaviour and the internal state (chemistry) of a battery Empirical and physical models that predict changes in battery performance and behaviour due to ageing (cumulative use and shelf-life) Warranties Lifetime prediction Information on composition, cost and carbon footprint for different batteries Cost modelling Sustainability data​ Off-the-shelf models for pre-commercial batteries where the client owns the data Scale-up Battery management Learn more Contact Us Contact us"
https://www.aboutenergy.io/about,10/23/2023 16:24,"We’re based in both London and B’ham We are a world-leading innovator in battery technology. Birmingham, UK London, UK We are supported by Our Journey Sign up to our Newsletter Our team Explore Our State Of The Art Facilities UNIVERSITY OF BIRMINGHAM IMPERIAL COLLEGE LONDON Founded on the belief that modelling can be used to accelerate the development of new battery technologies, About:Energy combines world-leading expertise in battery testing and software. The data and models we create accelerate battery commercialisation by reducing the reliance on physical research, enhancing design, management, and prediction. This provides our partners a path to superior performance, improved sustainability, and lower cost. About:Energy dismantles the barriers that prevent companies digitalising R&D by creating a seamless modelling experience, from battery system to simulation. Focused on helping our customers develop their technologies through accurate characterisation and modelling, these tools have allowed us to tailor solutions to the challenges faced by the battery industry. This is our contribution to the commercialisation of energy storage technologies to build a better planet. Three-electrode testing Full cell electrochemical properties Cell post-mortem analysis Coin cell manufacturing Pouch cell manufacturing Up to 200A per channel Full cell thermal properties Cell dissasembly Electrochemical impedance spectroscopy Cell thermal control testing rigs Are you looking to stay up-to-date with the latest About:Energy news? Look no further! Our newsletter is the perfect resource for you. By subscribing, you'll receive valuable insights, industry trends, and exciting updates directly to your inbox. Don't miss out on this opportunity to be part of our community. CEO / Director COO / Director Chief Engineer At About:Energy we understand that our success is built upon the diverse perspectives, skills, and experiences of each of our team members. To learn more, head over to our Team page. > April 2021 Idea Explored December 2021 Company Formed January 2022 Started Trading First Battery Grant Awarded April 2022 First Automotive Grant Awarded May 2022 First full-time hire June 2022 Pre-seed investment closed October 2022 13 full-time employees January 2023 Battery Degradation Grant Sign up View more"
https://www.aboutenergy.io/careers,10/23/2023 16:24,"Our Values Our Mission Empathise with the customer Serious about our craft Never wait to ask Never stop learning Be 100% upfront and candid Work should be fun! We are an equal opportunity employer Join us Would you like to join us? Our software is easy to use and made to solve customer pain points. Our sales process is seamless and transparent. We’re always looking for ways to improve and innovate. We take pride in our work and push the boundaries of what’s possible. No one has all the answers, everyone is trusted with a particular role because they are the best. Take action, make mistakes, repeat. Finding solutions to challenging problems requires continual development. Take courses, go to conferences, meet and learn from others. We believe in supporting each other honestly to achieve a common goal. We’re not afraid to admit we’re wrong, and let each other know what isn’t working. We believe that a positive and enjoyable work environment is key to success, so we're always looking for ways to inject some fun into our day-to-day. We celebrate our inclusive work environment and encourage people of all backgrounds and perspectives to apply. We're committed to having an inclusive and transparent environment where every voice is heard and acknowledged. We embrace our differences and know that our diverse team is a strength that drives our success. About:Energy is committed to developing a barrier-free recruitment process and work environment. If you require any accommodation, please email us at careers@aboutenergy.co.uk and we'll work with you to meet your accessibility needs. We believe that by harnessing the power of technology and innovation, we can find solutions to the biggest challenges facing our planet. About:Energy combines world-leading expertise in battery testing and modelling to challenge the status quo and electrify technologies needed for a sustainable future. Every day, we work together on data and models to accelerate battery commercialisation by reducing the reliance on physical research, and streamlining design, management, and lifetime prediction. We’re dedicated to delivering superior performance, improved sustainability, and lower costs to our partners by creating a seamless modelling experience, from battery systems to simulation. With our team, we’re ready to take on the challenges to help accelerate electrification within the automotive industry and beyond. We are scientists, developers, learners, artists, and challengers of the status quo. We will tackle the world's toughest challenges and transform the battery development landscape. We're looking for new team members who resonate with our mission - search our roles to start your career at About:Energy. careers@aboutenergy.co.uk View Current Openings"
http://aboutenergy.io,10/23/2023 16:24,"Unlocking the potential of battery technology contact@aboutenergy.co.uk The Battery Data Platform to inform better decision making across the value chain See our case study with Porsche for the Startup Autobahn Industries SELECT BENCHMARK OPTIMISE SHARE Technologies The Battery Intelligence Platform BIG DATA Building the largest battery library to provide new insights WHITE BOX Transparency into methods and models to lower entry barrier AGNOSTIC Integration into existing modelling platforms for ease of adoption Cell selection made easy ​Benchmark cells consistently Optimise system and cell designs Share data more securely Supply chain management Cell manufacturers Automotive Motorsports Aerospace Stationary storage Material innovators Battery recycling Electrical Electrochemical Thermal Degradation Sign up to our Community Newsletter Check out our presentation at STARTUP AUTOBAHN powered by Plug and Play. Informing better decision making across the entire battery value chain. Access our battery library and advanced algorithms to select the best cell for your application. Compare state-of-the-art and emerging cells to stay ahead of your competition. Build batteries and systems with better performance, longer lifetimes, and improved sustainability. Save time and reduce risk by collaborating with suppliers and end-users through one platform. Intellectual property in measurement and modelling for advanced battery prediction. Performance and industry data that connects into your workflow when you need to make the best decisions relating to battery technology. About:Energy (England and Wales, 13583725), registered at Labs Camden - Atrium The Stables Market, Chalk Farm Road, London, England, NW1 8AH. Cookies Privacy Policy T&Cs Disclaimer top of page Enter the Voltt Learn More Cookies Privacy Policy T&Cs Disclaimer Community Newsletter About Team News Careers Voltt Design System Cell Library Enterprise Solutions bottom of page"
https://store-h.com/hydrogen-could-help-decarbonise/,10/23/2023 16:24,"SCIENTISTS TOUT POTENTIAL ‘CLEAN’ REPLACEMENT FOR FOSSIL FUELS AS COMPANIES DEVELOP NEW PROJECTS A Toyota worker loads hydrogen tanks on a production line. For energy majors, hydrogen, which can be produced from fossil fuels, could offer a way of securing a function for their natural gas reserves © Reuters A pasta factory in rural south-west Italy is not the obvious location for an energy project that could show how to cut emissions from Europe’s vast industrial sector. But the Orogiallo factory in Contursi Terme, in the province of Salerno, made a small slice of history earlier this year when it cooked its pasta using a blend of hydrogen and natural gas that had been injected into the Italian gas transmission grid. Hydrogen has been touted by scientists and companies as a potential “clean” replacement for fossil fuels such as natural gas as it does not produce carbon dioxide when burnt. Companies and governments are this year renewing efforts to investigate whether hydrogen could help decarbonise key sectors of the global economy, from industry and power to shipping and transport. The Paris-based International Energy Agency (IEA) has described 2019 as a year of “unprecedented momentum” for hydrogen, with 50 policies or targets introduced globally to support its development. by Nathalie Thomas, Energy Correspondent Courtesy of Financial Times, continue reading here. 31 Category: International"
https://store-h.com/news/,10/23/2023 16:24,"Thrilled to announce that we are officially a member of the Autodesk Technology Impact Program. Thanks to Autodesk & AutodeskFdn… We are happy to announce that our HOD project has been selected as the best proposal by the EIT European… A Toyota worker loads hydrogen tanks on a production line. For energy majors, hydrogen, which can be produced from fossil… Martedì 18 giugno 2019, presso l’UniCredit Tower – Milano, si è tenuta la seconda delle quattro Commissioni previste da UniCredit… Sort by date Sort by name Descending Ascending"
https://store-h.com/storeh-accesses-stage-2-climate-kic-by-eit/,10/23/2023 16:24,We are happy to announce that our HOD project has been selected as the best proposal by the EIT European Institute of Innovation & Technology within the Climate-KIC Startup Accelerator Italy 2019-2020 – Stage 2 program.
https://store-h.com/storeh-member-of-autodesk-technology-impact-program/,10/23/2023 16:24,"Thrilled to announce that we are officially a member of the Autodesk Technology Impact Program. Thanks to Autodesk & AutodeskFdn for supporting our mission to create positive climate impact! StoreH, let’s store our future! Social hashtag: #Autodesk #AutodeskImpact #MakeAnything #StoreH #LetsStoreOurFuture"
https://store-h.com/2019/08/05/,10/23/2023 16:24,DAILY ARCHIVES: 5 AGOSTO 2019 5 AGOSTO 2019
https://store-h.com/2020/03/24/,10/23/2023 16:24,DAILY ARCHIVES: 24 MARZO 2020 24 MARZO 2020
https://store-h.com/trionfo-alla-120-secondi-business-competition/,10/23/2023 16:24,"Dopo aver superato con successo le preselezioni – svoltesi a Rovereto, Bolzano e Innsbruck nel mese di ottobre – le tre migliori proposte espresse da ciascun territorio si sono confrontate in una sfida all’ultimo pitch, supportate da due tutor d’eccezione: la campionessa di rally Gabriella Pedroni e il fondatore della startup NeveXN Francesco Besana. E se a trionfare è stata la rivoluzione delle energie rinnovabili proposta da HOD, che si è aggiudicata un soggiorno formativo in Silicon Valley, non sono mancate da parte della giuria – composta da imprenditori e business angel – le menzioni di merito per altre idee creative, amiche dell’ambiente e dell’inclusione sociale, come la doccia che ricicla il calore facendo risparmiare fino all’80% d’acqua, la cover per cellulari fabbricata riutilizzando i mozziconi di sigaretta e la posata mono-mano che aiuta disabili e anziani a mangiare in autonomia anche con un solo braccio. L’ingegno “made in Euregio” protagonista assoluto ieri, giovedì 29 novembre, alla finalissima della “120 Secondi – Business Idea Competition”, il contest promosso da Trentino Sviluppo, Standortagentur Tirol e IDM Alto Adige nell’ambito del progetto europeo “Startup Euregio Interreg Italia-Austria” per favorire la diffusione della cultura imprenditoriale nelle province di Trento e Bolzano e nel Land Tirolo. A confrontarsi – in Fondazione Caritro a Trento – in un’agguerrita sfida all’ultimo pitch, i 9 startupper che si sono aggiudicati le finali locali della competizione, svoltesi nel mese di ottobre a Rovereto, Bolzano e Innsbruck. Tante le idee che hanno raccolto il plauso della giuria – composta da imprenditori e business angel – per la loro portata innovativa dal punto di vista ambientale e sociale. Tra queste la doccia “Sofia” di Pavel Sevela, che riduce lo spreco di calore e permette di risparmiare fino all’80% dell’acqua usata per lavarsi, ma anche Forkeat, la posata mono-mano che aiuta disabili e anziani a mangiare e cucinare in autonomia con un solo braccio, brevettata dal roveretano Thomas Fitts a seguito di un incidente che gli ha paralizzato l’arto superiore sinistro o ancora Re-Cig, la cover per cellulari ricavata dai mozziconi di sigaretta progettata da Marco Fimognari e Nicola Bonetti e BioBoiler System, il reattore di Diana e Tobias Auer che scalda saune e piscine con gli scarti della potatura. A trionfare, per la sua portata rivoluzionaria nel settore delle energie rinnovabili, aggiudicandosi un soggiorno formativo nella Silicon Valley, è stato però HOD (Hydrogen generation on demand), il generatore per lo stoccaggio stagionale dell’idrogeno ideato da Federico Longhini che, grazie ad una maxi batteria contenente acqua e zinco, intrappola l’idrogeno e permette di poterlo riutilizzare in un secondo momento, con una significativa riduzione dei costi per le reti domestiche e la mobilità sostenibile. Fonte: qui Immagini e interviste a cura dell’Ufficio Stampa Trentino Sviluppo"
https://store-h.com/2018/11/30/,10/23/2023 16:24,DAILY ARCHIVES: 30 NOVEMBRE 2018 30 NOVEMBRE 2018
https://store-h.com/vincitori-commissione-clean-tech-unicredit/,10/23/2023 16:24,"La startup vincitrice del primo premio per il settore Clean Tech è CAPTIVE SYSTEMS, che ha sviluppato MagnetoSponges, una soluzione innovativa e brevettata per trattare e recuperare le acque industriali in modo economico, a basso impatto ambientale e di facile applicazione. La startup vince un grant di €10.000. Seconda classificata è la startup umbra SOLERZIA che opera nei settori Smart City e Green Energy con un sistema di pali multifunzionali intelligenti e modulari. Il terzo premio è andato alla tarantina PREINVEL, startup innovativa a vocazione sociale fondata per ridurre le emissioni industriali e tutelare ambiente e salute umana. Menzione speciale infine per ECOPLASTEAM, che produce EcoAllene, una famiglia di materiali plastici innovativi ed ecologici derivanti dal riciclo di plastica e alluminio dal tetrapak, e STOREH Energy Storage Technologies, che ha sviluppato un sistema di accumulo di energia e di generazione di idrogeno on demand che risolve il problema dell’intermittenza della generazione di energia elettrica da fonti rinnovabili. Per visualizzare le schede di tutte le startup finaliste clicca qui. Fonte: Unicredit Start Lab"
https://store-h.com/category/rewards/,10/23/2023 16:24,"CATEGORY ARCHIVES: REWARDS Thrilled to announce that we are officially a member of the Autodesk Technology Impact Program. Thanks to Autodesk & AutodeskFdn for supporting our mission to create positive climate impact! StoreH, let’s store our future! Social hashtag: #Autodesk #AutodeskImpact #MakeAnything #StoreH #LetsStoreOurFuture We are happy to announce that our HOD project has been selected as the best proposal by the EIT European Institute of Innovation & Technology within the Climate-KIC Startup Accelerator Italy 2019-2020 – Stage 2 program. StoreH, let’s store our future! Martedì 18 giugno 2019, presso l’UniCredit Tower – Milano, si è tenuta la seconda delle quattro Commissioni previste da UniCredit Start Lab, per il settore Clean Tech. La Commissione ha incontrato i team delle startup a più alto potenziale del settore e ha visto tra i suoi partecipanti i principali player italiani del settore tra cui:… Si chiama HOD ed è un generatore di idrogeno “on demand” ideato da Federico Longhini il vincitore assoluto della “120 secondi – Business Idea Competition”, il contest per idee d’impresa innovative promosso da Trentino Sviluppo, Standortagentur Tirol e IDM Alto Adige nell’ambito del progetto europeo Startup Euregio Interreg Italia-Austria e giunto ieri, giovedì 29 novembre… REWARDS"
https://store-h.com/contacts/,10/23/2023 16:24,ADDRESS: INVEST: MAIL: CONTACT INFO --- Pre-sales support Quotes Investor & partnership Post-sale assistance Informations Other... --- Italy Europe Other country Send me news!No newsletter Send me news! No newsletter
https://store-h.com/2019/07/25/,10/23/2023 16:24,"DAILY ARCHIVES: 25 LUGLIO 2019 Premiate le migliori idee della ‘120 Secondi — Business Idea Competition’. Ecco le menzioni. Tante idee sorprendenti, tra le quali, per la giuria composta da imprenditori e da business angel, non è stato per nulla facile individuare la migliore e quindi la vincitrice. Giovedì 29 novembre, presso la Fondazione Caritro di Trento, si è svolta… 25 LUGLIO 2019"
https://store-h.com/hod-device-wins-in-120-seconds/,10/23/2023 16:24,"POST NAVIGATION RELATED POSTS PREMIATE LE MIGLIORI IDEE DELLA ‘120 SECONDI — BUSINESS IDEA COMPETITION’. Ecco le menzioni. Tante idee sorprendenti, tra le quali, per la giuria composta da imprenditori e da business angel, non è stato per nulla facile individuare la migliore e quindi la vincitrice. Giovedì 29 novembre, presso la Fondazione Caritro di Trento, si è svolta la finale del contest ‘120 Secondi — Business Idea Competition’, promosso da Trentino Sviluppo, Standortagentur Tirol e IDM Alto Adige nell’ambito del progetto europeo Startup Euregio Interreg Italia-Austria. Sono nove i team arrivati alla finalissima, dopo le preselezioni di Rovereto, di Bolzano e di Innsbruck nel mese di ottobre. Per ogni territorio sono infatti state individuate le tre migliori proposte, e quindi 3 diversi concorrenti che giovedì hanno avuto la possibilità di presentare i propri prodotti innovativi con un pitch-lampo di 120 secondi di fronte alla giuria. Ad accompagnare e a supportare i team in questa importante giornata sono stati due tutor d’eccezione, quali il fondatore della premiata startup NeveXN, ovvero Francesco Besana, e la campionessa di rally Gabriella Pedroni. Il primo posto è andato a Federico Longhini e al suo HOD (Hydrogen generation on demand), un dispositivo del tutto innovativo per lo stoccaggio dell’idrogeno. Si tratta, nello specifico, di una grande batteria a base di acqua e di zinco in grado di immagazzinare l’idrogeno per poi utilizzarlo al momento del bisogno, sia in un contesto domestico che nel mondo della mobilità sostenibile. Oltre alla gloria del primo posto, Longhini si porta a casa anche un soggiorno formativo nella Silicon Valley. Fonte: Trentino Startup International Business Renewable Green Events Technology Category: Rewards swsd Share with Facebook Share with Twitter Share with Pinterest Share with LinkedIn Share with WhatsApp PREVIOUS Previous post: NEXT Next post: HYDROGEN COULD HELP DECARBONISE (1) (5)"
https://store-h.com/,10/23/2023 16:24,"AWARD-WINNING SYSTEM HYDROGEN ON DEMAND ENERGY IN ⇒ STORAGE UNIT ⇒ ENERGY OUT MUST KNOW ABOUT HOD WATCH THE VIDEO SERGIO FORNASIERO WRITE AT SERGIO.FORNASIERO@STORE-H.COM ENG. MARIO SANTARELLI MARIO.SANTARELLI@STORE-H.COM FEDERICO LONGHINI FEDERICO.LONGHINI@STORE-H.COM SIMONE LONGHINI SIMONE.LONGHINI@STORE-H.COM FEATURES THE DEVICE PHASE 1 PHASE 2 PHASE 3 Investments & Partnership? Extreme scalability THE DEAL COST-EFFECTIVE VALUES WHY US INVESTMENTS & PARTNERSHIP? EVENTS & GREEN NEWS AUG. 18-21 2019 / ITALY SPONSORSHIP / EUROPE SPONSOR & PARTNERS 100% CLEAN ENERGY LIGHT UP YOUR HOUSE RECHARGE YOUR CAR POWER YOUR COMPANY LOW COST SEASONAL SCALABLE SUSTAINABLE SOLAR WIND ELECTRICITY HEAT CAR CHARGE H2 FUEL RESIDENTIAL COMMERCIAL INDUSTRY UTILITIES & GRIDS POWER PLANTS H2 FUEL DISTRIBUTORS INNOVATIVE CLEAN SAFE EFFICIENT HOD System Innovative Clean Safe Efficient Extraction Powder HOD DEVICE WINS IN… 120 SECONDS! VINCITORI COMMISSIONE “CLEAN TECH” UNICREDIT TRIONFO ALLA “120 SECONDI BUSINESS COMPETITION” STOREH, MEMBER OF AUTODESK TECHNOLOGY IMPACT PROGRAM STOREH ACCESSES STAGE 2 @ CLIMATE-KIC BY EIT Storage Tanking Release Images BECOME AN INVESTOR. JOIN US! investors@store-h.com What if we could store energy surplus in summer and use it in winter? Respect for the environment is the cornerstone of a successful living. STOREH believe in transparency and integrity. The basis of our business is that simple. Mechanical machining, Carpentry, Production line build. Production management, Quality, Product industrialization. Engineering, experimentation, energy systems validation. Business administration, financial evaluation investments in renewables. STORAGE A perfect fit solution from houses to industries. Discover details! SEE DEAL HOD FOR Deal for renewable system installers in residential areas. SEE NEXT Premiate le migliori idee della ‘120 Secondi — Business Idea Competition’. Ecco le menzioni. Tante idee sorprendenti, tra… Martedì 18 giugno 2019, presso l’UniCredit Tower – Milano, si è tenuta la seconda delle quattro Commissioni previste… Si chiama HOD ed è un generatore di idrogeno “on demand” ideato da Federico Longhini il vincitore assoluto… Thrilled to announce that we are officially a member of the Autodesk Technology Impact Program. Thanks to Autodesk… We are happy to announce that our HOD project has been selected as the best proposal by the… STOREH Energy Storage is accelerated by Green Hub “Trentino Sviluppo” in Progetto Manifattura. Leveraging collective knowledge for systemic change. Transforming ideas into climate-positive businesses… Ask for details » Over 10 years experience in renewable. A proprietary patented technology to become completely energy indipendent. STOREH Energy Storage Technologies Srl P.IVA-C.F./EU VAT IT02539500229 Find us on: PRIVACY & TERMS SWSD Studio ❤ Web agency Mon - Fri: 9AM - 7PM Piazza Manifattura 1, 38068 Rovereto (TN), Italy Facebook Twitter Linkedin YouTube BECOME AN INVESTOR. JOIN US! investors@store-h.com Home System About Device Deal Values News Contacts SEARCH HOME SYSTEM ABOUT DEVICE DEAL CONTACTS HOD SHOW ME THE DEAL CONTACT US Commercial & Industrial Grid & Fuel stations Scalability Residential LUG 25 2019 Rewards 5 NOV 30 2018 MAR 24 2020 AGO WRITE US VIEW DETAILS ALL NEWS STOREH Energy Storage Technologies Srl FREE CONSULTATION Address: Business hours: E-mail: Go to Top This website uses technical and third-party cookies to improve your experience. By browsing it you agree to our privacy policy and terms."
https://www.tosa-swisstech.ch/produitss,10/23/2023 16:24,Modélisation thermodynamique Calcul de structure mécanique Conception 3D Prototypage Banc d'essai Optimisation de production
https://www.tosa-swisstech.ch/a-propos,10/23/2023 16:24,Composite bipolar plate for fuel cells Lighter Non corrosive Affordable Compact
https://www.tosa-swisstech.ch/contact,10/23/2023 16:24,TOSA Swisstech Switzerland innovation park Allée des sciences 2 Courroux queloz@tosa-swisstech.ch 0041 79 254 72 94 Nous contacter TOSA Swisstech Switzerland innovation park Allée des sciences 2 Courroux queloz@tosa-swisstech.ch 0041 79 254 72 94 Envoyer
http://tosa-swisstech.ch,10/23/2023 16:24,TOSA Composites conducteurs pour les batteries de stockage d'énergie et piles à combustible Accueil Produits Services Partenaires Contact top of page bottom of page
https://www.tiotech.com/collaboration-with-morrow-batteries/,10/23/2023 16:24,"Collaboration with Morrow Batteries We have started a collaboration with Morrow Batteries to develop fast-charging batteries with long lifetime and excellent temperature robustness. Morrow is a company currently in the process of establishing its 43 GWh Giga-factory in Norway. Their mission is to develop and manufacture the most cost-effective and sustainable battery cells in the world, which sounds like music in our ears! In a recent article in Teknisk Ukeblad, (link under) Jon Fold von Bülow (Head of R&D in Morrow) comments that TioTech has a good process resulting in an exciting and cheap anode material. We are very much looking forward to develop a cost-effective and sustainable cell containing our anode material together with Morrow! Read the article Morrow Batteries Meet our intern Benjamin"
https://www.tiotech.com/want-to-come-work-with-us/,10/23/2023 16:24,"Good people are what makes a company succeed, and also what can turn a bad day into a good one. We are now looking for the next TioTechers to join our growing family. This time, we need technical people to work with R&D and production, who want to be part of taking our material from pilot to commercial production. We are a team of fine, easy-going and clever people, having a lot of fun at work every day. If you also want to have fun at work (and are qualified either as a scientist/electrochemist or process engineer), please apply via finn.no! (Links under) Senior Scientist/Electrochemist Material Scientist/Technologist Production/Process/Machine Engineers In the meantime, get to know your future colleagues by visiting our team section"
https://www.tiotech.com/welcome-tore-our-new-business-developer/,10/23/2023 16:24,"Welcome Tore, our new business developer We enable the electrification to happen in new markets! Share this entry We are welcoming Tore Solheimslid to TioTech as our new Head of Business Development. Tore comes to us from Vestland County Council, where he has been project leader for the hydrogen strategy, and advisor on climate strategy. In other words, Tore is experienced in promoting green technology to various stakeholders. Tore holds a MSc in Energy Technology, has worked as Green Energy Analyst in Greenstat and loves to do calculations on how costs can be cut by implementation of green solutions. If Tore knocks on your door you should know he comes with great news – he will have done solid research and calculations before telling you that TioTechs powder is the solution you need. Photo: Cecilie Bannow TioTech AS is a Norwegian manufacturer of titanium dioxide (titania) nanomaterials and a developer of titania-based technologies. Our products are ideal anode materials for fast-charging, long-lasting and robust batteries. Share on Facebook Share on Twitter Share on WhatsApp Share on LinkedIn Share by Mail May 4, 2022 - 11:10 am April 19, 2022 - 12:25 pm April 8, 2022 - 6:28 pm April 1, 2022 - 6:23 pm March 25, 2022 - 6:14 pm Want to come work with us?"
https://www.tiotech.com/team/,10/23/2023 16:24,"Team TioTech – speeding it up! Anders Teigland Dr. Robert Corkery Dr. Hjørdis Skår Eirik Fimreite Tore Solheimslid Paul Winson Dr. Nazia S. Nazer Dr. Evgeniya Khomyakova Lene Hollund Gabriella Rabello dos Santos Fredrik H. Mitander Dr. Lars Thoresen Board Leiv L. Nergaard Åge Korsvold Birger Solberg We know that TitanB™ has a place in the battery value chain – and that team TioTech will take it there. We are experts on titania. Our team has a strong competence on materials and electrochemical energy technology, combined with solid experience within commercialisation of technology, intellectual property, production and innovation management. Titania is our Play-Doh, which we transform into innovative products. The green shift is happening, we work to speed it up – having fun along the road. Read more about Anders CEO anders@tiotech.com +47 413 66 930 Read more about Robert CTO corkery@tiotech.com +46 (0)709 651 357 Read more about Hjørdis Project Manager hjordis@tiotech.com +47 452 86 156 Read more about Eirik CPO eirik@tiotech.com +47 415 75 344 Read more about Tore Head of Business Development tore@tiotech.com +47 952 311 90 Read more about Paul Head of Sales paul@tiotech.com +47 906 09 972 Read more about Nazia Senior Scientist nazia@tiotech.com +47 462 89 736 Read more about Evgeniya Materials Scientist evgeniya@tiotech.com +47 940 81 131 Read more about Lene Laboratory Engineer lene@tiotech.com +47 414 46 285 Read more about Gabriella gabriella@tiotech.com +47 913 40 046 Read more about Fredrik Process Engineer fredrik@tiotech.com +47 915 39 392 Read more about Lars lars@tiotech.com +47 411 52 200 Chairman of the board and Investor Our chairman of the board has a wide network within finance, earned by a long career in national and international business. Leiv worked in Norsk Hydro for 38 years, being the CFO for 12 of those. He has had numerous prestigious board memberships in large Norwegian companies like Storebrand, Yara and Rieber & Son. Since 2007 he is a partner of Norscan Partners providing strategic advice and M&A service to clients. leiv@tiotech.com | +47 918 06 231 Board Member and Investor Åge has extensive background within industry, finance and management, highlighted by the positions as CEO of Storebrand, Kistefos and Orkla. He is currently working as professional board member and advisor both nationally and internationally. Since graduating with a mechanical engineering degree in 1984, Birger has been involved in the European metals and minerals industry, both in operations and in sales. He has spent 18 years in SIBELCO, being managing director for their Nordic and Eastern European operations amongst other tasks. Since 2016 he has been CEO of Cappelen Group. Birger has vast board room experience from amongst others Backe-group, Store Norske Spitsbergen Kullkompani and Franzefoss Minerals. electrochemical energy technology Read about Anders Read about Robert Read about Hjørdis Read about Eirik Read about Tore Read about Paul Read about Nazia Read about Evgeniya Read about Lene Read about Gabriella Read about Fredrik Read about Lars"
https://www.tiotech.com/news/,10/23/2023 16:24,"March 25, 2022 February 1, 2022 January 14, 2022 October 20, 2021 June 25, 2021 May 19, 2021 by Therese Nesse April 20, 2021 April 10, 2021"
https://www.tiotech.com/company/,10/23/2023 16:24,"Developers of titania solutions since 2005 We know how to design and produce titania for Li-ion battery anodes Our partners TioTech AS is a Norwegian manufacturer of titanium dioxide (titania) nanomaterials and a developer of titania-based technologies. The innovative materials are designed in our in-house laboratory in Bergen. During a thorough development phase, we have created a patented titania nanoparticle which is produced at ton-scale. We have extensive experience with custom-making titania and its production process – always with the aim of developing products which can replace current solutions with more sustainable ones. TioTech AS is a continuation of the company Joma International AS, which has developed titania-based technologies since 2005. From 2014, Joma focussed on using titania nanoparticles for photocatalytic purposes. Joma has successfully developed a series of biocide-free products designed to remove toxic gasses from polluted air and keep surfaces cleaner. These are today sold under the brand Joma Surface Treatment (www.joma-int.com). After commercialising the surface treatment products, we redirected our expertise towards another exciting area – the development of anode materials for Li-ion batteries. We are specialists on nano-titania and its manufacturing and Team TioTech is now commercialising titania materials for anodes – the new standard for fast-charging and long-lasting batteries."
https://www.tiotech.com/technology/,10/23/2023 16:24,"Capacity Cost Integration Batteries with TitanBTM on the anode will have: Unique materials TitanBTM – for speedy charging and long living batteries TitanB™ in your battery cells Long lifetime Excellent safety Short charging times Outstanding temperature robustness TioTech’s technology is the next-generation anode-materials for Li-ion batteries which currently use LTO (lithium-titanate). As LTO, TitanBTM improves the charging, lifetime, safety and temperature robustness of Li-ion batteries. However; TitanBTM has a much higher capacity than LTO and is less resource demanding and more cost-effective as it does not contain lithium. Long lifetime The material`s stability and resistance towards expansion during charging/discharging result in batteries which last up to 10.000 cycles. Standard Li-ion batteries with graphite anodes last about 2500-3000 cycles. Excellent safety TitanBTM is a stable and non-flammable material, which improves the battery safety. Short charging times A Li-ion cell with TitanBTM can be charged to 80% within 6 minutes. In a standard Li-ion cell, the same operation would take 25-30 minutes. Outstanding temperature robustness Using TitanBTM, 70% charge capacity is achievable also at -20 °C. TitanBTM is a stable and non-flammable material, which improves the battery safety. A Li-ion cell with TitanBTM can be charged to 80% within 6 minutes. In a standard Li-ion cell, the same operation would take 25-30 minutes. Using TitanBTM, 70% charge capacity is achievable also at -20 °C. Titania’s potential as anode-material is proven academically, but no one has yet managed to scale up an economically feasible production method for a titania material optimised for Li-ion batteries. Fortunately, this is TioTech’s speciality and we know how to do it! Our titania is produced by proprietary methods, yielding unique and stable materials with structures ideal for efficient Li-ion insertion and extraction – giving short charging times and long lifetimes. Offers the same advantages as LTO and up to 50% higher capacity. Lower cost/kWh than LTO cells. Optimised slurry formulations make it easy to integrate the material into existing battery cell production lines. Contact us if you want to learn more about TitanBTM and its properties, test our materials in your battery cells or partner with us. TitanBTM"
https://www.tiotech.com/contact/,10/23/2023 16:24,Our materials enable a faster electrification of society with improved and more sustainable batteries TioTech AS Sandbrekketoppen 38 5224 Nesttun NORWAY Phone: +47 55 52 74 75 contact@tiotech.com
http://tiotech.com,10/23/2023 16:24,"TITANIA MATERIALS FOR LI-ION BATTERY ANODES Get electrified! Latest news The world goes electric and calls for fast-charging and long-lasting batteries. Our solution is the brand-new anode material TitanB™ Applications Energy storage E-transport Marine Industry The charge The electrification The green shift Cookie and Privacy Settings The green shift pushes the electrification of society forward and to keep up, batteries must meet new requirements. Electric transportation and energy storage need batteries with high power capacity, which charge fast and last long, without compromising on safety. Speeding up This site uses cookies. By continuing to browse the site, you are agreeing to our use of cookies. We may request cookies to be set on your device. We use cookies to let us know when you visit our websites, how you interact with us, to enrich your user experience, and to customize your relationship with our website. Click on the different category headings to find out more. You can also change some of your preferences. Note that blocking some types of cookies may impact your experience on our websites and the services we are able to offer. These cookies are strictly necessary to provide you with services available through our website and to use some of its features. Because these cookies are strictly necessary to deliver the website, refusing them will have impact how our site functions. You always can block or delete cookies by changing your browser settings and force blocking all cookies on this website. But this will always prompt you to accept/refuse cookies when revisiting our site. We fully respect if you want to refuse cookies but to avoid asking you again and again kindly allow us to store a cookie for that. You are free to opt out any time or opt in for other cookies to get a better experience. If you refuse cookies we will remove all set cookies in our domain. We provide you with a list of stored cookies on your computer in our domain so you can check what we stored. Due to security reasons we are not able to show or modify cookies from other domains. You can check these in your browser security settings. We also use different external services like Google Webfonts, Google Maps, and external Video providers. Since these providers may collect personal data like your IP address we allow you to block them here. Please be aware that this might heavily reduce the functionality and appearance of our site. Changes will take effect once you reload the page. Google Webfont Settings: Google Map Settings: Google reCaptcha Settings: Vimeo and Youtube video embeds: You can read about our cookies and privacy settings in detail on our Privacy Policy Page. WELCOME TECHNOLOGY COMPANY TEAM NEWS CONTACT Menu LinkedIn TioTech AS is a Norwegian manufacturer of titania (titanium dioxide) nanomaterials and a developer of titania-based technologies. Titania is our speciality and we twist and tune our particles and their manufacturing process to make extraordinary materials. Our technology Contact us TitanBTM accelerates the electrification of society because it is an ideal battery material for electric trains, buses, ferries and hybrids, which depend on fast charging. By extending the lifetime of batteries, the material brings down costs and reduce the environmental footprint of electric transportation. High safety will make batteries with TitanBTM the preferred choice for critical industrial applications. The long lifetime of the material makes it ideal for storage of renewable energy and for smart power grid applications – TitanBTM is made for a sustainable future. Rechargeable Li-ion batteries with TitanBTM will be safer, more robust towards low and high temperatures, charge faster and last longer than existing solutions within: Do you want to learn more about TitanBTM? Invest in the anode technology of the future? Test our material in your battery cells? Please contact us May 4, 2022 / by Hjordis April 19, 2022 by Anders Teigland April 8, 2022 See more news © TioTech AS | Webdesign by Limedrop Scroll to top Check to enable permanent hiding of message bar and refuse all cookies if you do not opt in. We need 2 cookies to store this setting. Otherwise you will be prompted again when opening a new browser window or new a tab. Click to enable/disable essential site cookies. Click to enable/disable Google Webfonts. Click to enable/disable Google Maps. Click to enable/disable Google reCaptcha. Click to enable/disable video embeds."
http://www.tiamat-energy.com/tiamat-present-au-ces-de-las-vegas-janvier-2018-kickwall/,10/23/2023 16:24,"TIAMAT PRÉSENT AU CES DE LAS VEGAS 1 janvier 2018 Le Consumer Electronics Show (CES) est le lieu de rassemblement mondial pour tous ceux qui prospèrent dans le domaine des technologies grand public. Il sert de terrain d’expérimentation pour les innovateurs et les technologies de pointe, attire les chefs d’entreprise du monde entier et les penseurs pionniers."
http://www.tiamat-energy.com/press-release/,10/23/2023 16:24,PRESS RELEASE 19 février 2019 France Tech Transfer Invest 2019
http://www.tiamat-energy.com/on-parle-de-nous/,10/23/2023 16:24,"Tiamat, la startup française qui veut doper les batteries grâce au sodium Article publié le 27/11/2017 à 18:05 sur Batiactu.com 16 décembre 2019 Article publié le 27/11/2017 à 18:05 sur Batiactu.com « Nous voulons créer en France un Tesla de la batterie sodium-ion »"
http://www.tiamat-energy.com/1272-2/,10/23/2023 16:24,EUROPEAN UNION’S HORIZON 2020 10 juillet 2019
http://www.tiamat-energy.com/on-parle-de-nous-2/,10/23/2023 16:24,"ON PARLE DE NOUS… 15 décembre 2019 Quel avenir pour la batterie électrique? Interview de Christophe Piquemal, fondateur d’Otonohm. #GreenReflex avec @mabanque_bnpp pic.twitter.com/PpwiFECOsK — BFM Business (@bfmbusiness) December 10, 2019"
http://www.tiamat-energy.com/visite-du-president-de-la-republique/,10/23/2023 16:24,"VISITE DU PRÉSIDENT DE LA RÉPUBLIQUE 17 décembre 2019 Pour la 1ère fois au monde, un chef d’Etat démarre un bus avec une #batterie 100% française et éco-responsable ! #innovation #ecomobilité ""Pour la 1ère fois au monde, un chef d'Etat démarre un bus avec une #batterie 100% française et éco-responsable !"" #innovation #ecomobilité pic.twitter.com/xSLwfSvmlY — TIAMAT Energy (@TiamatEnergy) November 22, 2019 RETOUR"
http://tiamat-energy.com/,10/23/2023 16:24,"TIAMAT ABOUT US OUR STORY OUR NEWS GALLERY CONTACT US FAST CHARGING HIGH POWER DENSITY LONG LIFETIME SAFETY 2012 MAY 2015 NOVEMBER 2015 2017 Visite du Président de la République On parle de nous… European Union’s Horizon 2020 Press release Tiamat présent au CES de Las Vegas Powerful, fast charging, enduring cells thanks to sodium-ion Tiamat designs, develops and manufactures sodium-ion batteries for mobility and stationary energy storage. Stable chemistry for simple, safe, fast and performing solution. charge in 5 minutes 2-5kW/kg 5000+ cycles up to 80% of capacity High level of safety Sodium-ion technology is the result of academic research carried out by the Collège de France in Paris, the CSIC in Barcelona and some research units of the CNRS and the university working together within the RS2E, such as the LRCS in Amiens, the CIRIMAT in Toulouse and the ICMCB in Bordeaux. Launch of the sodium-ion research task force (CEA, CNRS, Collège de France). The decision to build the Energy Hub is taken and funded by the Hauts de France region. The building would later be delivered in January 2017. Investment of the Hauts de France in the Energy Hub in Amiens delivered in January 2017 (22 M€, 5600 m2, 150 scientists). First 18650 Na-ion cell , resulting from the work of the scientists of the RS2E network. TIAMAT wins Ilab , a national competition to help start-ups develop innovative technologies. TIAMAT SAS is created. Stay connected ... Pour la 1ère fois au monde, un chef d’Etat démarre un bus avec une #batterie 100% française et éco-responsable ! #innovation #ecomobilité Plus rapides à recharger, plus durables et moins chères ; une startup française qui s’appuie sur des travaux… Quel avenir pour la batterie électrique? Interview de Christophe Piquemal, fondateur d’Otonohm. #GreenReflex avec @mabanque_bnpp pic.twitter.com/PpwiFECOsK — BFM Business (@bfmbusiness) December 10, 2019 This project has received funding from the European Union’s Horizon 2020 research and innovation programme under grant agreement No 856066 TIAMAT won prestigious technology competition – France Tech Transfer Invest 2019 Le Consumer Electronics Show (CES) est le lieu de rassemblement mondial pour tous ceux qui prospèrent dans le domaine… © Cyril Fresillon / TIAMAT / CNRS / Photothèque You want more information about TIAMAT, our technologies or just leave a message, you can contact us. TIAMAT in 4 points ... X"
http://altris.se,10/23/2023 16:24,"Force of Nature Cookie settings At Altris, we’re set to become the primary sodium-ion battery developer in Europe, are you? Performance, ‍Safety & ‍Sustainability Outstanding Performance Truly Sustainable Unique production Sun, wind and wheels Latest News Necessary Visitor statistics Marketing Your current consent Altris presents world-leading Prussian White cathode material Altris secures €4.8 million (SEK 50M) of bridge financing and gears up management with new CEO and CFO Altris acknowledged as one of Sweden’s most innovative tech startups Altris AB Appoints Martin Anderlind as CEO Scaling up production of Fennac in 2022 Altris to Manufacture Ground-breaking Cathode Material in Sandviken, Sweden Altris Secures €9.6 million in Series A Funding Altris AB CookieTractor : 1 Google : 1 YouTube : 1 Workbuster : 1 Youtube : 2 We’re a Battery Developer here to bring the world better, safer & truly sustainable batteries. Sodium-ion batteries are made from the world’s most abundant and readily available raw materials. We're not your average battery company - our innovative energy storage solutions are changing the game. Join our team and be energized by the opportunity to work on cutting-edge technology that is revolutionizing the way we power the world. Come join us and be a part of a high-powered team that's making a sustainable difference. We offer sodium-ion cathodes, electrolytes, cell design, and factory blueprints for mass-market battery production. We also offer commercial battery cells for select niche applications. Our energy density is as good as with LFP technology, the safety performance level is excellent, long cycle and calendric life, and with flexible working temperatures and power performance, we ensure usability in multiple environments and applications. Our cathode is made from globally available, and abundant, raw material. Salt, Wood, Iron, Air - ensuring a minimal carbon footprint and a truly green battery. With our patented cathode manufacturing process, we can ensure continuous output of high quality material while using minimal process energy.Altris Sodium-ion batteries are manufacturable at scale in today’s Li-ion factories, while a green field factory would lower expensive dry rooms and drying and lower energy usage You need to accept marketing cookies to play the video. We initially target the energy storage market with our products. And with the many benefits of sodium-ion, next stages will include commercial transport and light wheel markets. Swedish sodium-ion battery developer Altris presents a pure Prussian White cathode material with a capacity of 160 mAh/g – making it the highest capacity declared to date. This marks an important milestone on Altris’ commercialisation journey, as the capacity of cathode materials is crucial to increase the energy density and deployment of sodium-ion batteries. Altris, the Swedish sodium-ion battery developer, has secured SEK 50M of bridge financing from its current owners and appointed Björn Mårlid as its new CEO and Christer Bergquist as new CFO, as the company moves ahead with its commercialisation journey. For the third year in a row, Altris has been named in Ny Teknik’s prestigious 33-listan as a 'golden company'. The annual award from the Swedish magazine acknowledges the 33 best and most innovative tech companies in Sweden — those with the potential to revolutionise their industries both in Sweden, and around the world. Altris AB is pleased to announce the appointment of Martin Anderlind as Chief Executive Officer, effective as of 1 September 2022. Anderlind joins Altris from Northvolt, where he most recently held the position of Chief Talent Officer. In 2023, Altris’ first industrial production facility, Ferrum, will begin producing the ground-breaking cathode material Fennac in Sandviken, Sweden. Ferrum will annually produce 2000 metric tonnes of Fennac, enabling 1GWh of sustainable sodium-ion batteries to enter the market each year. Until this facility is up and running, however, Altris needs scale-up existing production of Fennac to meet customer demands already in 2022. Sodium-ion battery cathode producer Altris AB has today signed a deal with AB Sandvik Materials Technology to house the company’s first industrial scale manufacturing facility in Sandviken. The new facility, called ‘Ferrum’, will have the annual capacity to produce 2000 metric tonnes of Altris’ ground-breaking cathode material Fennac – enabling 1GWh of sustainable sodium-ion batteries to enter the market each year. Today Uppsala-based sodium-ion battery company Altris AB announces that it has raised €9.6 Million (100 MSEK) in a Series A funding round. The funding secures Altris’production scale-up of the company’s innovative battery cathode material, Fennac, to 2,000 tonnes, enabling 1 GWh of sustainable batteries and further research and development of sodium-ion batteries to take place. Kungsgatan 70B 753 18 Uppsala Sweden altris.se and our partners save information on your device to offer a customized experience, enable visitor statistics, and support personalized marketing. You decide which types of cookies you accept in addition to the necessary ones needed for the website to work. These cookies are needed for the website to function technically and functionally and must therefore be accepted to visit the site. These cookies are used to collect statistics about visitors, which pages they visit, and what they do on the website. These cookies are used to track visitors in different digital channels to be able to serve personalized ads and marketing. Information about your current cookie consent and when you set it. Safety Sustainability Functional CookieTractor : 1 Open policy for CookieTractor in new window Google Open policy for Google in new window YouTube Open policy for YouTube in new window Workbuster Open policy for Workbuster in new window Youtube 2 Read more about CookieTractor (opens in new window)"
https://www.sylfen.com/266-2/,10/23/2023 16:24,"Toute reproduction, utilisation ou représentation, intégrale ou partielle des pages, des données, et d’une manière générale de tout élément constituant ce site sur quelque support que ce soit est strictement interdite sans autorisation préalable de Nicolas Bardi et Caroline Rozain. En vertu de l'article 6 de la loi n° 2004-575 du 21 juin 2004 pour la confiance dans l'économie numérique, il est précisé aux utilisateurs du site www.sylfen.com l'identité des différents intervenants dans le cadre de sa réalisation et de son suivi : • Société : Sylfen - R.C.S. Grenoble B 811 828 086 - 266 avenue de Savoie 38570 Le Cheylas • Responsable publication : Nicolas Bardi et Caroline Rozain. • Graphisme et Développement web : Nettle communication – contact@nettle.fr • Hébergeur : GANDI SAS - 63, 65 Boulevard Massena, 75013 PARIS, France"
https://www.sylfen.com/2023/04/10/bonjour-tout-le-monde/,10/23/2023 16:24,10 avril 2023
https://www.sylfen.com/contact/,10/23/2023 16:24,Contactez-nous Localisation du site industriel Pour tout renseignement vous pouvez nous joindre aux coordonnées suivantes : contact@sylfen.com Siège social - France 266 Av. de Savoie 38570 Le Cheylas Veuillez saisir votre nom. Veuillez saisir une adresse email valide. Please type your message. Envoyer Message envoyé ! Message échoué. Veuillez essayer de nouveau. 266 Av. de Savoie 38570 Le Cheylas
https://www.sylfen.com/construction/,10/23/2023 16:24,Coming soon This page is under construction HOME
https://www.sylfen.com/sylfen/,10/23/2023 16:24,"Protégé : Sylfen Cette publication est protégée par un mot de passe. Pour la voir, veuillez saisir votre mot de passe ci-dessous : Mot de passe :"
https://www.sylfen.com/2023/04/18/bonjour-tout-le-monde-3/,10/23/2023 16:24,Articles récents Commentaires récents Archives Catégories Par admNettle admNettle | 18 avril 2023 © 2023 sylfen Powered by Beaver Builder
http://sylfen.com/fr/accueil/,10/23/2023 16:24,"0% Expertises Solutions Services Plus de 200 études réalisées Une solution de stockage opérée en Italie Le site industriel du Cheylas guidé vers l’énergie locale S’alimenter en énergie locale pour créer des écosystèmes décarbonés Comment sortir de la dépendance aux solutions traditionnelles de fourniture d’énergie et des factures en hausse permanente ? Comment construire dans le même temps des solutions d’alimentation en énergie avec des performances environnementales vérifiables et au meilleur niveau ? Vos bénéfices Le Smart Energy Hub installé clés en mains sur votre site avec son système automatique de pilotage paramétré selon vos besoins. Création de votre profil sur notre Smart Energy App pour devenir acteur de votre transition énergétique et avoir les moyens d’engager tous les usagers de votre site vers l’atteinte de vos ambitions. Nos réussites Nos équipes ont étudié les besoins électriques, thermiques et de mobilité de tous types de bâtiments de collectivités locales, de sites industriels et de logistique. En dévoilant l’ADN énergétique de chaque site, Sylfen permet à ses clients de comprendre leurs besoins pour aujourd’hui et pour demain, d’intercomparer des scénarios et de choisir leur chemin de transition énergétique. Sur l’île de Procida près de Naples, le logiciel d’EMS (Energy Management System) de Sylfen « PASEO » opère une solution de stockage d’énergie pour (1) renforcer l’alimentation en énergie locale, (2) rendre des services au réseau électrique (fonction « smart grid ») et, le cas échéant, (3) profiter de tarifs bons marchés (fonction d’achat anticipé d’énergie). Grâce à la première mise en place de la solution de monitoring énergétique de Sylfen, le suivi en temps réel du détail des consommations d’énergie du site SLS Actiparc, ancienne usine sidérurgique, a permis de décider des investissements progressifs en solutions d’énergies locales (solaire et éolien). © 2023 Sylfen tous droits réservés Mentions légales accueil. Sylfen. solutions. impacts. équipes. ressources. CONTACTEZ-NOUS 0 d'énergie locale de traçabilité sur vos énergies de réduction des émissions de CO2"
https://www.swistor.com/general-5,10/23/2023 16:24,"1. Who we are 2. Our Services 3. How to accept these Terms 4. How to access and use our Services 5. Links to Third Parties 6. How we deal with the License and Intellectual Property 7. Our Disclaimers and Warranties 8. Our Liability 9. Indemnity 10. Terms and Termination of Services 11. Governing Law, Disputes and Jurisdiction 12. General 1. Who we are and useful contacts 2. How do we collect information about you? 3.What information about you do we collect ? 4. How do we use information about you ? 5. How do we share information about you ? 6. Where do we store, process and transfer information about you ? 7. How do we protect information about you ? 8. How long do we keep information about you? 9. What rights and options do you have? 1. Cookies Basics 2. Cookies on our website 3. How to control cookies ? More Terms of Use ​ These Terms of Use (“Terms”) are between Swistor SA (“Swistor”” “we” or “us”) and you, our customer or user, both as a person or the entity you may be representing here (“User” or “you”). These Terms govern your use of our website (https://www.swistor.com/) as well as our services, products and offerings (collectively the “Services”). Please read these Terms carefully to understand and agree to each provision. In addition to these Terms, we have a separate Privacy Policy that explains how we collect, use and protect your personal data. We also have our Cookies Notice which you can access to learn more about how we use cookies and what it means for you. Please have a look at these as well. we are Swistor SA, a Swiss company registered at Avenue de Tivoli 19b, 1007 Lausanne, Switzerland. In case of any questions or requests, please contact us by email legal@swistor.com Services: we operate and maintain our Services, including our website, to share information about our company, what we offer to our customers, our technology as well as to promote relevant content, products and services. Any use or access to such information is subject to these Terms. We reserve the right to withdraw, restrict or amend the website, its content or any Services and material provided at any time. Acceptance of the Terms: by visiting, accessing or using our Services, you accept these Terms and consent to contract with us electronically. If you don’t agree to these Terms, you must stop using the Services. How we may change these Terms: we may update these Terms by posting a revised version on the website. By continuing to use our website, you accept any revised version of these Terms. Whenever you wish to use or access the Services, please check these Terms available on our website to ensure you understand the terms that apply at that time. Access to our Services: you may browse the website without registering. However, you may be required to register with us to access certain parts of the website or access some of the Services. Eligibility: you caxn use our Services only as permitted by applicable law. If the law where you reside requires you to be older for the Services to be legally provided without parental consent (including the use of your personal data), then you must be that age. Changes to the Services: we reserve the right to change our Services, including the availability of certain features or content at any time at our sole discretion. Use of our Services: when using our Services you agree not to, directly or indirectly: modify, publish, transmit, transfer, sell, reproduce, create derivative works from, distribute, perform, link, display, or in any way exploit any of the Services, in whole or in part, except as expressly permitted in these Terms or with our prior written consent; use electronic or other means to extract details or information from the Services, or extract information about users of our Services in order to offer them any services or products; use our Services to violate any applicable state or federal law and regulation, including, but not limited to, any copyright, trademark, patent, anti-piracy, or other intellectual property law or regulation, or encourage or enable others to violate any such laws or regulations; use our Services in any way that could potentially disable, overburden, damage, disturb or impair the Services or interfere with any other user's use of the Services or rights; introduce or enable the introduction of any viruses, trojan horses, worms, logic bombs, or other material which is malicious or technologically harmful to our Services; attempt to gain unauthorised access to, interfere with, to damage, or disrupt our Services, the server on which they are stored, or any server, computer, or database connected to our Services; or take any action that may damage, attack or falsify the website, or otherwise attempt to interfere with the proper functioning of the Services or the proper use by other parties. Third-Party Links: from time to time, we may provide or share third-party links on our website (“Third-Party Links”). We do not control and are not responsible for such third-party products, services, or content made accessible via those Third-Party Links. You agree to be bound by the relevant terms and conditions by accessing them. We disclaim liability for any information, materials, products or services posted or offered at Third-Party Links or interfaces. You are responsible for viewing and abiding by the privacy statements and terms and conditions posted at such Third-Party Links. Intellectual Property: the Services, and all its elements, are the sole and exclusive property of Swistor and/or its licensors. You agree not to reproduce, duplicate, copy, sell, resell or exploit for any commercial purpose, any portion of the website other than as expressly authorised by Swistor in writing. You hereby acknowledge and agree that, as between Swistor and you, all right, title, and interest in and to the Services shall be owned exclusively by Swistor. Exclusions: your use of the Services does not imply any license or transfer of rights regarding the elements of the Services. In particular, any duplication, reproduction, representation, adaptation, modification, distribution or sale of all or part of the Services, as well as all or part of its content, by any process and in any medium, is unlawful unless prior, express, written permission has been obtained from Swistor or the owner of the intellectual property rights. We may suspend or terminate your access to our Services in such cases or for any violation of the restrictions in these Terms, without prejudice to any other rights and remedies we may have under any applicable law and these Terms. Content: our Services, and any related content, is for general information only. It is not intended to constitute technical recommendations, nor to address your specific requirements or provide advice on which reliance should be placed. Swistor makes no representations about the suitability of the information contained in the Services for any purpose. Services: while we try to ensure the information provided is accurate, the Services, including all materials, content, and products displayed or made available in connection with it, are provided “as is,” with no representations or warranties. We expressly disclaim to the fullest extent permitted by law all warranties including, but not limited to, all warranties and conditions of merchantability, latent defects, fitness for a particular purpose, title, and non­infringement. We can’t be held liable for any errors or omissions related to the Services or for any damage you may suffer due to the use or non-use of the information. You agree that your use of the Services will be at your risk and that you will be solely responsible for any harm, loss or damage that results from your use of the Services. You accept your responsibility for the results of your actions. Website security: while we attempt to keep our website safe and well-functioning, using the website can expose you to some risks. We don't guarantee or warrant that the website, the information, or files available through any of our Services will be free of infection by software viruses or other harmful computer code, files, threats or programs. We are not responsible for any harm, damages or viruses that may infect your computer equipment or other devices when browsing or using any of our Services. Likewise, you accept your responsibility for the results of your actions. Exclusion of liability: we do not exclude or limit in any way our liability to you where it would be unlawful to do so. This includes liability for death or personal injury caused by our negligence or the negligence and for fraud or fraudulent misrepresentation. No liability for consequential or indirect damages: to the maximum extent permitted by applicable law, in no event will Swistor, its members, affiliates, directors, associates, partners, agents, employees, or representatives be liable for any indirect, exemplary, punitive, special, incidental, or consequential damages (including but not limited to damages for loss of profits, loss of data, loss of goodwill, business interruption, personal injury, loss of privacy, or attorneys’ Fees), arising out of or related to the Services, regardless of the cause of action, even if we have been informed of the possibility of such allegations. Force majeure: we are not liable for damages caused by force majeure. By force majeure, we mean a circumstance which prevents us from fulfilling our obligations and which is unforeseeable, beyond our reasonable control, and causes the non-fulfilment of an obligation. Limitation of liability: to the maximum extent permitted by law, our liability to you for any damages arising from or related to these Terms (for any cause whatsoever and regardless of the form of the action), or the Services, will always be limited to a maximum of CHF 50. The existence of more than one claim will not enlarge this limit. These limitations of Clause 8 do not apply if and to the extent mandatory applicable law is in contradiction with such limitations. Indemnification: you agree to indemnify and hold Swistor (and its officers, employees, and agents) harmless, including costs and attorneys’ fees, from any claim or demand made by any third party due to or arising out of (a) your use of the Services, (b) your violation of these Terms or (c) your violation of applicable laws or regulations. Swistor reserves the right, at your expense, to assume the exclusive defence and control of any matter for which you are required to indemnify us, and you agree to cooperate with our defence of these claims. You agree not to settle any matter without the prior written consent of Swistor. Swistor will use reasonable efforts to notify you of any such claim, action or proceeding upon becoming aware of it. Term and termination: these Terms enter into force when you accept this or start using the Services. Termination by you: you may stop using the Services at any time. Termination by us: we may terminate your Terms for the Service with immediate effect, at our own discretion, or if you violate any provisions of these Terms. Governing law: the law of Switzerland shall apply to these Terms and to any operations or use of the Services and our relationship. Dispute resolution and Jurisdiction: if you have any dispute with us, you agree that before taking any formal action, you will contact us at legal@swistor.com, and provide a brief description of your complaint and your contact information. We will try to solve any dispute amicably as soon as possible, by way of good faith negotiations. If we cannot reach an agreement, any dispute, controversy or claim arising out of or relating to these Terms, must be brought in a court of competent jurisdiction in Lausanne, Switzerland. Subject to applicable laws, you irrevocably waive any right to assert a defence based on lack of jurisdiction How we communicate with you: we will communicate with you through the email address provided by you or via our website. Severability: if any provision of these Terms or its application is held by a court of competent jurisdiction to be invalid, unenforceable, or void, the remainder of these Terms will remain in full force and effect enforced to the fullest extent consistent with applicable law. No Waiver: no waiver of any term of these Terms or failure to assert a right or provision will constitute a future or ongoing waiver of such term (or any other term) or such right or provision. Survival: the provisions of these Terms which by their nature reasonably should survive the termination or expiration of these Terms shall survive any termination or expiration of these Terms. Privacy Notice​ Swistor respects your privacy and is committed to protecting your personal data. This privacy notice explains how we collect and process your personal data through your use of our website https://www.swistor.com/, including any data you may provide through this website when you communicate with us, and in course of providing you with our services or products (Service). This notice does not apply to personal information collected by or through any other online or offline sites, products, or services not controlled by us. When you use third-party sites, products, or services, you are subject to those third parties’ policies. We may change our privacy notice from time to time. We will post any changes to our privacy notice on our website with the effective date of the change. We encourage you to check back often for updates to this notice. We are Swistor SA, registered at Avenue de Tivoli 19b, 1007 Lausanne, Switzerland. In case of any questions or requests in relation to our data processing practices, you may contact us by email legal@swistor.com. You have the right to make a complaint at any time to the Federal Data Protection and Information Commissioner (FDPIC), or your national data protection authority with regards to GDPR rights. We may collect information about you in various ways, as described below: You may provide us with information directly. Typically, this happens when you register to receive our press releases or e-mail alerts, or contact us through our website, by e-mail, telephone, or social media. We may collect information about you automatically. Typically, this happens when you interact with our website and we receive information about your equipment, browsing actions and patterns. We may collect information about you automatically through the use of cookies and similar tracking technologies (such as web beacons/pixels) that you receive when you visit our website. These mechanisms may include Google Analytics cookies (see www.google.com/policies/privacy/partners/). To learn more about our usage of cookies, see our Cookies Notice. We may collect information about you from third parties or publicly available sources such as service providers, social media platforms, public databases, and from our business partners. We may collect various types of information about you: Information that we collect from you directly will be apparent from the context in which you provide it. For example, when you contact us or place a request for a quotation or an order, we may collect your name, surname, email, phone number, address, payment information necessary for handling your order. Where we need to collect personal information by law or in order to process your instructions or perform a contract (for instance, your membership or registration to our events) and you fail to provide that information when requested, we may not be able to carry out your instructions or perform the contract we have or are trying to enter into with you. In this case, we may have to cancel our engagement or contract you have with us, but we will notify you if this is the case at the time. When you use our Service, some information may be collected automatically. This includes the type of device you use to access the Service, your IP address and your approximate geographic location, the operating system and version, your browser type, the website content you view and features you access on our website. Information that we collect from third parties or public sources will generally consist of publicly available profile information (such as your preferences and interests), for example from public social media posts. We may receive such information as internet protocol (IP) address, your login data, browser type and version, time zone setting and location, browser plug-in types and versions, operating system from analytics providers and advertising networks. We may receive payment information from our payment service providers and information relating to handling your orders from delivery service providers. We will only use your personal data when the law allows us to. Most commonly, we will use your personal data in the following circumstances: Where we need to perform our obligations in accordance with any contract that we may have or about to have with you. Where it is necessary for our legitimate interests (or those of a third party) and your interests and fundamental rights do not override those interests. Where we need to comply with a legal obligation. Based on your consent which you can withdraw at any time by contacting us at legal@swistor.com. Typical situations when we may ask for your consent include placing specific cookies on your device, certain marketing communications, and other activities communicated to you in a relevant consent request. We will not perform any such activity without your prior consent. We may use your personal data for the following purposes: to register you as a new customer; to process and deliver your requests and orders, including to manage payments, fees and charges, handle your orders, provide you with sales-related support collect and recover money owed to us; to manage our relationship with you, including to notify you about changes to our terms or privacy policy or to ask you to leave a review or take a survey; to administer and protect our website, including data analysis, testing, system maintenance, support, reporting and hosting of data; to protect the security of our communications and other systems and to prevent and detect security threats, frauds or other malicious activities; to comply with regulatory obligations, such as record keeping or complying with law enforcement requirements; to meet our internal and external audit requirements; to use data analytics to improve our website, products, marketing, customer relationships and experiences in order to define types of customers for our products, to keep our website updated and relevant, to develop our business and to inform our marketing strategy; to deliver relevant website content and advertisements to you and measure or understand the effectiveness of the advertising we serve to you in order to study how customers use our Service, to develop our business and to inform our marketing strategy; to make suggestions and recommendations to you about goods or services that may be of interest to you in order to develop our business. You will receive marketing communications from us if you have requested information from us or purchased goods or services from us and you have not opted out of receiving that marketing. To opt-out of receiving our marketing communications please follow the opt-out links on any marketing message sent to you or contact us by legal@swistor.com. We may share or disclose your personal information to third parties in certain circumstances as described below: With service providers: We may share your personal information with third-party service providers who help us operate our business or provide services to you. These service providers may include payment processors, delivery service providers, IT service providers, and CRM service providers. We only share your personal information with service providers who have agreed to comply with data protection requirements and use your personal information only for the purposes for which we have engaged them. With business partners: We may share your personal information with our business partners. For example, we may share your personal information with our distributors and resellers to provide you with our products and services, to follow-up on sales inquiries and to provide you with information that you have requested. For legal reasons: We may share your personal information if we believe it is necessary to comply with applicable laws or regulations, to respond to a subpoena, court order, or other legal request, or to protect our rights, property, or safety or the rights, property, or safety of our users or others. For business transfers: As we develop our business, we may buy or sell assets or business offerings. We may disclose or transfer your personal information in course of corporate mergers, acquisitions, or other similar transactions. With your consent: We may share your personal information with other third parties with your consent. We will provide you with relevant information when your consent is requested. We store your personal information on our servers located in the European Economic Area. We may also store your personal information on servers or databases owned or operated by third-party service providers we have engaged, located outside the European Economic Area, for example, in the United States. Please note that some of the countries outside of the European Economic Area that we may transfer your personal information to have been recognized by the European Commission as providing an adequate level of data protection. In other cases, we will ensure that appropriate safeguards are in place to protect your personal information, such as by using standard contractual clauses approved by the European Commission. If you have any questions or concerns about how we transfer your personal information to other countries, please contact us at legal@swistor.com. We implement appropriate technical and organisational measures to protect personal information that we hold from unauthorised disclosure, use, alteration, or destruction. Where appropriate, we use encryption and other technologies that can assist in securing the information you provide. We also require our service providers to comply with strict data privacy and security requirements. We will retain information about you for the period necessary to fulfil the purposes for which the information was collected. After that, we will delete it. The period will vary depending on the purposes for which the information was collected. Also, we are sometimes legally obliged to retain the information, for example, for tax and accounting purposes. You have various rights with respect to our use of your personal information: Access: You have the right to request a copy of the personal information that we hold about you. There are exceptions to this right, so that access may be denied if, for example, making the information available to you would reveal personal information about another person, or if we are legally prevented from disclosing such information. You are entitled to see the personal information held about you. If you wish to do this, please contact us using the contact details provided below. Accuracy: We aim to keep your personal information accurate, current, and complete. We encourage you to contact us to let us know if any of your personal information is not accurate or changes, so that we can keep your personal information up to date. Objecting and restricting: In certain circumstances, you also have the right to object to processing of your personal information and to ask us to block, erase and restrict your personal information. If you would like us to stop using your personal information, please contact us. Porting: You have the right to request that some of your personal information is provided to you, or to another data controller, in a commonly used, machine-readable format. Erasure: You have the right to ask us to erase your personal information when the personal information is no longer necessary for the purposes for which it was collected, or when, among other things, your personal information have been unlawfully processed. Complaints: If you believe that your data protection rights may have been breached, you have the right to lodge a complaint with the applicable supervisory authority, or to seek a remedy through the courts. You may, at any time, exercise any of the above rights, by contacting legal@swistor.com together with a proof of your identity, i.e., a copy of your ID card, or passport, or any other valid identifying document. Right to withdraw consent: If you have provided your consent to the collection, processing, and transfer of your personal information, you have the right to withdraw your consent fully or partly by contacting legal@swistor.com or sending a corresponding request to our address as stated in the beginning of this policy. Once we have received notification that you have withdrawn your consent, we will no longer process your information for the purpose to which you originally consented. Cookies Notice​ This cookies policy explains how we use cookies and similar tracking technologies on our website https://www.swistor.com and related online services. Please, consult our privacy notice for more details about our data processing practices. A cookie is a small file of letters and numbers that we store on your browser or the hard drive of your computer. When you visit our website, strictly necessary cookies will be placed on your device – these cookies do not require your consent. For performance, functionality, targeting and social media cookies, we request your consent before placing them on your device. You can change the cookie settings that will be placed when you visit our website by changing the settings on your browser or by visiting the Cookie Preference Centre. First and third-party cookies: whether a cookie is “first” or “third” party refers to the domain placing the cookie. First-party cookies are those set by a website that is being visited by you at the time (e.g., cookies placed by https://www.swistor.com). Third-party cookies are cookies that are set by a domain other than that of the website being visited by you. If you visit a website and another entity sets a cookie through that website, this would be a third-party cookie. Cookies can be “persistent” or “session” cookies. Persistent cookies remain on your personal computer or mobile device when you go offline, while session cookies are deleted as soon as you close your web browser. You do not need to allow cookies to visit most of the website. However, enabling cookies may allow for a more tailored browsing experience and is required for certain parts of the website to work. To find out about specific cookies we use on this site, please see below. Strictly Necessary Cookies These cookies are necessary for the website to function and cannot be switched off in our systems. You can set your browser to block or alert you about these cookies, but that will cause some parts of the site to not work. Some of our strictly necessary cookies are third-party cookies and placed by Wix. Analytical Cookies These allow us to recognise and count the number of visitors and to see how visitors move around our website when they are using it. This helps us to improve the way our website works, for example, by ensuring that users are finding what they are looking for easily. We use Google Analytics on our website. To view an overview of your Google Analytics cookie please go here: https://support.google.com/analytics/answer/6004245. You may install a Google Analytics opt-out browser add-on by going here: https://tools.google.com/dlpage/gaoptout?hl=en-GB. Functional Cookies These are used to recognise you when you return to our website. It enables us to personalise our content for you, greet you by name and remember your preferences. Some of our functional cookies are third-party cookies and placed by Wix. Advertising Cookies These cookies can be used to deliver marketing campaigns by us and our partners that are relevant to you and can be used to chart the effectiveness of an advertising campaign by tracking users’ clicks. These cookies may be set by us or by third party[AL2] providers whose services we have added to our pages. Third Party Website Cookies When using our website, you may be directed to other websites for such activities as surveys, to make payments, or to view content hosted on those websites such as an embedded video or news article. These websites may use their own cookies. We do not have control over the placement of cookies by other websites you visit, even if you are directed to them from our website. Our Cookie Preference Centre can be utilized to customize your cookie preferences. The tool will record when you have consented to our cookie usage and will ask for consent from time to time to ensure users stay up to date with changes to our cookie and privacy policies. Strictly necessary cookies cannot be disabled, nor can the tool be used to block cookies on third-party websites linked from our website. Please note that, most browsers will allow you to erase cookies from your computer's hard drive, block acceptance of cookies, or receive a warning before a cookie is stored. To disable cookies through your browser, follow the instructions usually located within the “Help,” “Tools” or “Edit” menus in your browser. If you block or erase cookies some features of the Service may not operate properly and your online experience may be limited. If performance cookies are deleted, the information collected prior to the preference change may still be used. However, we will stop using the disabled cookie to collect any further information from your user experience. Privacy Policy Services: Acceptance of the Terms: How we may change these Terms: Access to our Services: Eligibility: Changes to the Services: Use of our Services: Third-Party Links: Intellectual Property: Exclusions: Content: Website security: Exclusion of liability: No liability for consequential or indirect damages: Force majeure: Limitation of liability: Indemnification: Term and termination: Termination by you: Termination by us: Governing law: Dispute resolution and Jurisdiction: legal@swistor.com How we communicate with you: Severability: No Waiver: Survival: With service providers: With business partners: For legal reasons: For business transfers: With your consent: 6. Access: Accuracy: Porting: Erasure: Complaints: Right to withdraw consent: This cookies policy explains how we use cookies and similar tracking technologies on our website https://www.swistor.com and related online services. Please, consult our privacy notice privacy notice for more details about our data processing practices. Cookies on our website How to control cookies ?"
http://swistor.com,10/23/2023 16:24,"Making Energy Storage Sustainable CONTACT US IF YOU WOULD LIKE TO KNOW MORE FEATURES VALUED PARTNERSHIPS ABOUT US Eco Friendly Fast Charging Cost effective Longer Life Next Generation Energy Storage Nanostructured Boosted Carbon based Electrodes © Swistor 2023 Terms & Conditions HOME Technology Features Partnerships About Us Contact By coating dense nanocarbon electrodes with nanoscale active materials we achieve high performance Supercapacitors that can operate both at very low and very high currents. 0% Li or Co Green Electrolytes in seconds Nanometric and efficient coatings slow degradation over time Swistor develops high energy density energy storage devices that last longer and are environmentally friendly and safe. Our team has a unique expertise at the intersection of nanotechnology and electrochemistry, which allows us to improve the energy density of our devices and provide a disruptive and sustainable solution. We believe this is an important step toward our mission to make energy storage sustainable. In addition, we provide customized solutions to our partners. We aim to change the way we charge electronic systems in the future, using sustainable and efficient systems. top of page technology dense nanocarbon electrodes nanoscale active materials SERVICES OUR WORK Swistor develops high energy density energy storage devices that last longer and are environmentally friendly and safe. Our team has a unique at the intersection of nanotechnology and electrochemistry, which allows us to improve the energy density of our devices and provide a disruptive and sustainable solution. We believe this is an important step toward our mission to make energy storage sustainable. In addition, we provide customized solutions to our partners. We aim to change the way we charge electronic systems in the future, using sustainable and efficient systems. contat Submit © Swistor 2023 Terms & C onditions bottom of page We use cookies on our website to see how you interact with it. By accepting, you agree to our use of such cookies.Privacy Policy"
http://tetherev.io,10/23/2023 16:24,"A cleaner grid with every charge We create a green, backup reserve for the power grid. We extend the life of your EV battery, one charge at a time. We fight climate change, you get rewarded for it. Let's power the green transition, one EV at a time. Tether is an early stage Startup that wants to turn millions of Electric Vehicles into the cleanest form of energy storage. When we come together, we can achieve great things. Tether EV"
https://www.sun-tank.nl,10/23/2023 16:24,"Buffervaten in je muur, vloer, dak of onder je terras of oprit Toepassingen voor nieuwbouw en bestaande woningen Grootschalige zonneboiler in je huis of tuin Veel mogelijkheden met Sun Tanks Integratie met iedere installatie: Sun Tanks werken met alle warmtebronnen of combinaties ervan, zoals:​ Sun Tank zijn de buffervaten van de toekomst 10 voordelen van Sun Tanks Meer weten, lees ook de artikelen op onze blog Blog Posts Sun Tanks bestellen Wat is een pre order Andere klanten gingen u al voor . Je huis volledig zelfvoorzienend op zonnekracht! Sla de warmte van de zon op in je muur, vloer, dak of tuin Wat is een Sun Tank Sterk verbeterde Sun Tank versie 2.0 De Sun Tank 2.0 kan net zoveel druk weerstaan als alle bestaande buffers, zodat hij zonder gevaar en problemen ingezet kan worden in iedere installatie. Grote warmte buffer in je huis of tuin Plaatsingsvoorbeelden Sun Tanks Water / water warmtepomp Heat pipes PVT (hybride) panelen Hybride of lucht warmtepomp Vlakke plaat collectoren Solar Heatpipes Inovatieve Biovergisters straks in het keukenkasje? BlueHeart Inovatieve Warmtepomp Abonneren op de nieuwsbrief - Blijf op de hoogte! Deel ons verhaal en onze visie met je collega's en vrienden: Sun Tank failliet Maak gratis warmte als de zon schijnt en sla het op in je huis of in de tuin Wees voorbereid op de afschaffing van het salderen en wordt zelfvoorzienend Sun Tanks zijn te integreren met alle bestaande of nieuwe energiebronnen ​ Product Pre order uitleg Investeren CO2 voetafdruk Iso Tank Installatie Warmtebronnen Isolatie Calculators Opslagmethoden Toekomst F.A.Q. / Uitleg Duizenden liters energie opslag, genoeg voor meerdere dagen, op een plaats die je niet eens mist! Bespaar tot 100% Nul op de meter Terugverdientijd 3 - 5 jaar Sun Tank buffervat is sterk 1. Werking Sun Tank is eenvoudig 2. Werkt met iedere warmtebron 3. Verwaarloosbaar warmteverlies 4. Sun Tank geeft een lange garantie 5. 6. Sun Tank is snel terugverdiend 7. Sun Tanks bieden veel comfort 8. Sun Tanks zijn klaar voor de toekomst 9. Sun Tank is 100% recyclebaar 10. Kleine ecologische voetafdruk​ Primeur! - Eerste Sun Tanks in OriBee pilot woning en Green Energy Park Maximaliseer de isolatie van Sun Tanks met PIR-platen Verdien je investering snel terug met Sun Tanks Hoe de juiste installateur te vinden voor uw Sun Tanks De Voordelen van Warmteopslag in Water met de Sun Tank De ideale opslagoplossing voor diverse warmtebronnen Reserveer nu ook uw plaats! Delen 06/06 03/05 16/05 17/05 28/04 01/05 Sun Tank is faillietPrimeur! Nieuwsbrieven Rijksoverheid - Aktueel Artikelen Pre Order € 2.500 - 10% korting Pre order nu Pre Order € 3.750 - 15% korting Pre Order € 5.000 - 20% korting Meer over de Sun Tank Bestel Sun Tanks nu! Investeren & Aandeelhouders CO2 Voetafdruk & Recycling Sterk bouwelement + isolatie Techniek & installatie Overzicht warmtebronnen Isoleren van de Sun Tank Volume berekenen en kWh Kort cyclisch / seizoensopslag Flowbatterij elektra / PCM's Veel gestelde vragen & uitleg Krijg nu gratis advies over Sun Tanks voor jouw woning ! (Béta) Klik hier... Sun Tank Advies Sun Tanks zijn constructieve en modulaire bouwelementen waar o.a. energie in kan worden opgeslagen. Sun Tanks​ kunnen dus rechthoekige platte zonneboilers of buffervaten zijn. Ze zijn gemaakt van een heel sterk composiet, waardoor ze ook constructief te gebruiken zijn. Bijvoorbeeld: een zonneboiler van 3000 liter in 34m² vloer, muur of dak of tuin. Sun Tank product website Met bestaande technieken zoals zonnepanelen, warmtepompen en zonnecollectoren is voldoende elektriciteit en warmte te maken. Het probleem van de opslag is nu opgelost door Sun Tanks te plaatsen en het daar in op te slaan. Vele oplossingen zoals hybride en geotherische warmtepompen verbruiken met name 's nachts veel elektriciteit. Bufferen van warmte kan dit voorkomen. Ook kan er met goedkopere dynamisch ingekochte elektriciteit warmte gemaakt worden. Of u nu net begint met verduurzamen (of als u al zonnepanelen of een warmtepomp heeft), zullen Sun Tanks buffers uw installatie altijd veel effectiever maken. Ideaal in combinatie met PVT panelen Plat op het dak of vertikaal tegen de gevel. PVT panelen maken zowel elektriciteit als warmte Voordelige en betrouwbare zonnecollectoren Kampioen in warmteopbrenst per m² dakoppervlak CIRC Biovergisters maken warmte en gas van biologisch afval, van het gas kan weer warmte en elektriciteit worden gemaakt Blueheart is bezig met een unieke warmtepompmotor, waarmee met minder energie, meer warmte kan worden gemaakt De Sun Tank is gemaakt uit een glasvezel versterkt composiet. Sterker dan staal en lichter en stijver dan beton, dus oersterk en onverslijtbaar. Ze gaan de economische levenduur (100+ jaar) van een gebouw makkelijk mee. Lees meer... Opslag van warmte in water is een bewezen techniek. De Romeinen gebruikten het al. De Sun Tank slaat thermische energie (warmte of koude) op in water, voor direct of later gebruik voor bijvoorbeeld de (vloer)verwarming en/of voor warm tapwater. Lees meer... Sun Tanks slaan de warmte op van elke warmtebron: zonnecollectoren, zonnepanelen, warmtepomp, doorstroomboiler, CV ketel, pellet- en houtkachel, biovergister, wamtenet, waterstof-CV, etc... Ze passen dus in ieder concept. Lees meer... Sun Tanks zijn met bestaande PIR platen optimaal te isoleren. 10cm PIR plaat geeft een Rd waarde rond de 5. Dit is al veel beter dan andere boilers/buffervaten aan isolatie hebben. 20cm PIR plaat geeft een verwaarloosbaar laag stilstandsverlies. Sun Tanks zijn hierdoor veel effectiever. Lees meer... We geloven zo sterk in ons product en de kracht van de Sun Tank dat we 15 jaar garantie geven op een product waarvan we zeker weten dat het de economische levensduur van een gebouw of mischien wel 100+ jaar meegaat. Lees meer... Sun Tanks verdienen zichzelf (inclusief zonnecollectoren en warmtepompen) binnen 3 - 5 jaar terug. U zult al direct grote besparingen realiseren in de kosten voor het verwarmen of koelen van uw gebouw en/of verwarmen van het tapwater. Lees meer... Door Sun Tanks in buffergroepen aan te leggen kunnen er 's zomers bijvoorbeeld één of meerdere groepen gebruikt worden voor koeling. Buffergroepen kunnen ook voor de bron van de warmtepomp (zonthermie) apart bewaard of gereserveerd worden als een seizoensopslag. Lees meer... Sun Tanks kunnen door de buffergroepen omgaan met alle innovatieve energiebronnen zoals nieuwe zuinige water/water warmtepompen (welke hoge temperaturen maken), biovergisters en cv ketels op waterstof. Lees meer... Glasvezelversterkte kunststof producten (GVK) kunnen op een professionele manier worden verwerkt en hergebruikt worden als vezels of als vulstoffen van nieuwe GVK producten. Sun Tank® gebruikt nu al gereycelde rotorbladen van windturbines als vulstof voor de afdichtingen. Lees meer... Bouwen met Sun Tanks kan lichter, sneller goedkoper en duurzamer. Het composiet materiaal (GVK) is relatief milieuvriendelijk, wat een positieve impact heeft op alle stappen van de productieketen: van het verkrijgen van grondstoffen, transport, lokale productie tot aan het vervoer en montage van het uiteindelijke product. Lees meer... Een pre-order is een risicoloze reservering waarmee je gegarandeerd een plaats hebt in de productiecapaciteit en een van de eerste bent die verduurzaamt met Sun tanks. Reserveer nu ook één van deze 100 plaatsen. We zullen er geen doekjes omheen winden, dit is de keiharde trieste waarheid. Overigens geldt dit ook voor E-Wizz BV.Uiteraard zijn we trots op de inspanning en toewijding van ons team dat de afgelopen 5 jaar zóveel expertise en uren in dit avontuur hebben gestoken. We zouden het zo weer doen, maar dan wel net iets anders… Vooral trots, omdat we in ieder geval alle technische mijlpalen van een vierkante platte tank, die meer dan 90°C en 3 bar werkdruk (10 bar volgens de gasketelwet) aankan, hebben gehaald. Lees verder... Sun Tank Specificaties Constructieve eigenschappen Opstellingsmogelijkheden Opslagmethode's Mogelijkheden Voordelen Prijzen Meer informatie Nieuws Pre order Uitleg over pre orders Preorder nu! Blog Bespaar tot 100% Nul op de meter Terugverdientijd 3 - 5 jaar Sun Tanks zijn constructieve en modulaire bouwelementen waar o.a. energie in kan worden opgeslagen Sun Tanks​ kunnen dus rechthoekige platte zonneboilers of buffervaten zijn. Ze zijn gemaakt van een heel sterk composiet, waardoor ze ook constructief te gebruiken zijn. Vorige Volgende Grote warmte buffer in je huis of tuin Grootschalige zonneboiler in je huis of tuin Sun Tank zijn de buffervaten van de toekomst Ze gaan de economische levenduur (100+ jaar) van een gebouw makkelijk mee. Lees meer... Meer weten, lees ook de artikelen op onze blog . 93 Pre orders We zullen er geen doekjes omheen winden, dit is de keiharde trieste waarheid. Overigens geldt dit ook voor E-Wizz BV. Uiteraard zijn we trots op de inspanning en toewijding van ons team dat de afgelopen 5 jaar zóveel expertise en uren in dit avontuur hebben gestoken. We zouden het zo weer doen, maar dan wel net iets anders… Copyright © Sun Tank"
https://wikifarmer.com/farm-animal-cattle-nutrition/,10/19/2023 20:04,"Farm Animal (Cattle) Nutrition Energy Fat Protein Minerals Water Animal Nutrition begins with energy which is probably the best definite requirement of farm animals and is expensive. Animals derive most of the energy they need from breaking down the fibre contained in the forages. The remaining amount needed comes from burning concentrated starches and fats. The feed industry usually measures energy in 2 different ways. The first and more used method is the Total Digestible Nutrients (TDN). The TDN consists of the sum of the digestible carbohydrates, protein, and fats (multiplied by 2.25 since fats contain much more energy than protein or carbohydrates). This system considers energy that is lost in the faeces, urine, gases, and the work of digestion. A more refined version of this system accounts for varying energy utilization needs for body maintenance, weight gain, and milk production. Gross energy is the total energy in feed, determined by the complete oxidation (burning) of the feedstuff and measuring the heat produced. The energy value is expressed in calories. Common feedstuffs are similar in gross energy content but differ in feeding value because of differences in digestibility. A total digestible nutrient (TDN) is another method of expressing the energy content of feeds or the energy requirements of cattle. TDN is comparable to digestible energy. It has been used longer than the net energy system, and more values are available for feedstuffs. TDN = Digestible nitrogen-free extract (carbohydrate) + digestible crude fibre + digestible protein + (digestible ether extract x 2.25) Carbohydrates are the major source of energy in diets for dairy cattle. Between 50 and 80% of the DM (dry matter) in forages and grains is carbohydrate. Three major categories of carbohydrates exist in feeds: The fineness at which forages are chopped during harvesting can alter the effectiveness of fibre for maintaining chewing activity. Hay crop silages should be chopped at a minimum of 3/8 inch theoretical cut length to provide 15 to 20% (weight basis) of the particles greater than two inches long. Chopping at 1/4 inch provides only about 10% of the forage particles greater than two inches long. Maize silage should be chopped at 1/4 to 3/8 inches. The energy content of fat is about 2.25 times the energy in carbohydrates. Diets for baby calves that include large quantities of milk or milk replacer may contain 10 to 35% fat in the DM consumed. Fat may be added to the diets of adult ruminants to increase energy density and reduce feed dustiness. Normally diets contain no more than 4% fat in the DM. Total fat and oil should be limited to less than 7% of the DM in lactating cow rations. Too much fat decreases feed intake, may depress the fat and protein content of milk, and may cause scouring. Commonly fed sources of fat include whole cottonseeds, fat soybeans, sunflower seeds and various rumen-inert fat products. Protein is essential for maintenance, growth, and milk production. The protein requirement of dairy cattle is a requirement for amino acids by the animal tissues. Amino acids are supplied by the digestion of microbial protein and by feed protein that escapes microbial breakdown in the rumen. Protein is the only nutrient that contains nitrogen. Rumen microorganisms manufacture their own body protein, consisting of all the necessary amino acids, which are later digested by the host animal. Protein makes up the basic animal tissue of the body and is vital for growth, milk production, disease resistance, reproduction, and general maintenance. The body has very little if any excess protein. Mostly, the nitrogen is eliminated by the kidneys, and the rest is burned as energy. Since protein is generally the most expensive part of the ration, feeding more than needed is costly. Protein requirements vary between 12 and 16% of the ration dry matter, which is needed for high milk production. The microorganisms of the rumen for the production of a protein can utilize urea and other non-protein nitrogen products. They are not generally recommended for goats because they are very selective in their diets. The optimal diet fed to dairy cattle will Vitamins are organic compounds needed in small amounts for life support. They contribute no measurable amount of protein or energy to the animal but function in chemical reactions involving other nutrients. If a vitamin deficiency occurs, definite symptoms appear and become more severe unless corrected. The vitamins can be classified into two broad groups: Water soluble vitamins include the B vitamins: thiamine or B1, riboflavin or B2, niacin, Pantothenic acid, pyridoxine or B6, vitamin B12, biotin, and folic acid. Choline is often included in the B complex group. Under normal dietary conditions, B vitamins are synthesized in sufficient amounts in the rumen to meet the animal’s needs. Supplemental B vitamins may be required during diseased conditions, periods of stress, or for very young animals. Vitamins are needed by the body in small amounts. Since all the B vitamins and vitamin K are produced in the rumen and vitamin C is manufactured in the body tissues, the only vitamins of concern in ruminant nutrition are vitamins A, D, and E. During the good season, with rains and a warm climate, the animals can get all they need from green pastures and plenty of sunshine. It is a good idea to add these vitamins at the rate of 6 million units of vitamin A and 3 million units of vitamin D to each ton of grain mix when supplementing animal feeds as an added precaution since they are relatively inexpensive. Supplementing 6 grams of niacin from 2 weeks before calving (prepartum) to 8 to 12 weeks after calf down (postpartum) can reduce ketosis and minimize fatty liver formation in high-producing cows. Another water-soluble vitamin, vitamin C (ascorbic acid), is not required by dairy cattle because they can synthesize it within their tissues. Vitamin A or its precursor, carotene, is needed for normal vision and for the avoidance of reproductive problems and respiratory disturbances. Carotene is found in green forages and yellow maize. Synthetic forms of vitamin A are available. One milligram of beta carotene provides 400 international units (IU) of vitamin A. Vitamin D, the sunshine vitamin, is needed for bone growth and development and the absorption and metabolism of calcium and phosphorus. Vitamin D supplementation is essential when animals are confined without direct sunlight and receive silage forages and grains primarily. Vitamin E is an antioxidant, reducing off-flavours in milk (1000 IU per cow per day), preventing white muscle disease in calves, lessening the severity and duration of subclinical mastitis, improving reproductive performance, and stimulating the immune system. One milligram of alpha-tocopherol equals 1 IU of vitamin E. Vitamin K normally is synthesized in adequate amounts in the rumen and intestine to meet the animal’s needs. Vitamins are most commonly supplemented in the diet but are available in injectable forms. The recommended minimum and maximum vitamin content in diets for dairy cattle are listed. Minerals have both structural and regulatory functions. They are needed for bone and teeth formation, hormone actions, enzyme activation, and water balance. They are a structural part of hormones and haemoglobin (iron). The minerals needed in the largest amounts (macrominerals) by the dairy cow include calcium, phosphorus, magnesium, sodium, chlorine, sulphur, and potassium. Sodium and chlorine usually are provided in the form of salt. Minerals required in small amounts (trace minerals) include iron, copper, manganese, zinc, iodine, cobalt, and selenium. Other minerals may be required in very minute amounts, including molybdenum and fluorine. Many minerals are required by animals can be obtained from good forage and a regular concentrate mixture. The major minerals of concern are calcium, phosphorus, and salt, which are usually added to the ration either in the grain mix or by free-choice feeding. Trace mineralized salt is a common source of salt and trace minerals. The adequacy of trace mineralized salt to meet the requirements of an animal will depend on the potency of trace minerals in the salt and the productivity level of the animal. Trace mineralized salt does not contain appreciable amounts of magnesium, sulphur, or potassium. In many diets, these minerals are in adequate amounts and do not require supplementation. However, if they are needed, proper supplements will have to be provided. Magnesium oxide is a common source of magnesium. Sulphur can come from elemental sulphur, sodium sulphate, magnesium sulphate, or potassium sulphate. Potassium is available in potassium salts such as potassium chloride or potassium sulphate. Many commercially formulated feeds contain trace mineral information on the feed tag. Mineral excesses should be avoided because of interaction with other minerals and possible toxicity. For example, even though copper is needed in small amounts, it can be toxic. Lead causes toxicity and can be a problem when stalls are painted with lead-based paint. Such paint should be avoided in painting paddock equipment and other items to which cattle have chewing access. Water is the nutrient required in the largest amount by dairy cattle. This is the cheapest feed ingredient (compared to the rest). Nevertheless, it is essential since a deficiency can affect milk production more quickly than the lack of another nutrient. Water is the largest single constituent of nearly all living plant and animal tissue; it is also essential during digestion, excretion of waste products, assimilation of nutrients, control of body temperature, and milk production. Ready access to water is important. Milk animals with water constantly available produce more milk than those watered 2 times per day and over 10% more than those watered only once per day, based on research findings. Advisably, 3 litres of water for every litre of milk produced should be given to a dairy milking animal. Keep the drinking place clean by putting up a concrete area where cattle can stand as they drink or a small wall to prevent them from entering the water. The water can also be deviated from a stream using a furrow and channelled into a cattle trough. Another source of clean water is wells which should be constructed close to the farm yard or main grazing area. The amounts of water (litres per day) cattle need for growth, maintenance, pregnancy, and milk production are estimated. An equation can also be used to estimate the water intake of lactating dairy cows. Water intake (litres/day) = 4.22 + (0.19 x Dry Matter intake) + (0.049 x kg of milk) + (10.6 x grams of sodium) + (0.02 x minimum daily temperature in ºC) Eg. A lactating cow consuming 18 kg of Dry matter and 85 grams of sodium, producing 29 kg of milk and experiencing an average minimum temperature for the week of 14 ºC should Consume a minimum of 56 litres of water per day. Water supplies contaminated with bacteria or high in nitrates and sulphates may cause health problems and reduce animal performance. Fresh water should always be available for cattle. Find more information in the Books of the Author: Success in Agribusiness Protein Supplements in Animal Feed Livestock Feed selection – Evaluation of Feed Ingredients Management of an intensive (Zero) Grazing System Trace Minerals: The key to Immunity for Farm Animals Dairy Cow Nutrition on different Lactation Cycles Nutrition of Calf Nutrition of Heifers Training Livestock Farmers for Sustainability and Food Security Animal Feed-Nutrition simple sugars (glucose) storage carbohydrates (starch) structural carbohydrates or fibre (cellulose and hemicellulose). Sugars are found in the cells of growing plants and such feeds as molasses. Starch is the main component of grains. Meet the nitrogen requirement of rumen microorganisms for maximum synthesis of microorganism protein Allow for maximum escape or bypass of high-quality feed protein for digestion in the small intestine. Protein synthesis by rumen microbes will depend on feed intake, organic matter digestibility, feed type, protein level, and feeding system. Water soluble vitamins, Fat-soluble vitamins. animal feed animal nutrition farm animals"
https://wikifarmer.com/salmonella-control-animal-feed/,10/19/2023 20:04,"How to prevent contamination in feed manufacturing environment: How to reduce the multiplication of Salmonella in animal feed? How to kill Salmonella in animal feed? How to prevent and control Salmonella in poultry? Several researchers have indicated that contaminated feed ingredients are the main source of Salmonella in the feed manufacturing environment. It is advised to assume that all raw feed ingredients are contaminated. Contamination can occur during processing and handling, with some ingredients being handled multiple times before reaching the end user. Therefore, it is important to communicate Salmonella-negative specifications to ingredient suppliers and purchase ingredients only from suppliers with a proven record of Salmonella control. Upon receiving ingredient loads at the manufacturing facility, it is crucial for mill personnel to inspect each load for signs of contamination and reject loads with indications of contamination. Dust control is essential, as it has been recognized as a major source of Salmonella contamination in feed mills. Dust can be generated at various points in the feed mill, including the raw ingredient receiving area, hammer mills, roller mills, mixing systems, and packaging areas. Effective dust control measures must be implemented throughout the facility to ensure Salmonella control. Design dirty/ clean facilities: In a soybean processing facility, the ultimate contamination source was the incoming soybeans. While contamination rates in the receiving area were relatively low, operators were identified as the main source of Salmonella cross-contamination in the plant, particularly through work shoes. To prevent cross-contamination, it is important to designate areas within manufacturing facilities as “dirty” or “raw” and restrict the movement of personnel, equipment, and airflow from these areas to “clean” or “processed” areas. Reducing oil or fat accumulation: Soybean oil appeared to protect Salmonella from environmental conditions, making it difficult to eliminate in areas with fat accumulation. Therefore, reducing oil or fat accumulation in the feed mill environment is important to decrease the survival and spread of Salmonella. Control rodents: Rodents play a major role in spreading Salmonella contamination in the surrounding environment. High Salmonella contamination rates, up to 47%, have been reported in sampled rodents (F.T. Jones, 2011). To address this issue, rodent control measures should be incorporated into Salmonella control programs in feed manufacturing facilities. Control wild birds: Wild birds are another potential source of Salmonella contamination, as they can carry the bacteria from various sources such as garden feeders, sewage, landfills, carrion, drinking water, animal feces, or nearby feed. In certain types of wild birds, Salmonella may even become a permanent part of their intestinal flora. Controlling wild birds is therefore crucial in feed mill Salmonella control programs Use sanitary transportation: Transport vehicles, such as trucks or rail cars, have also been identified as potential sources of contamination. Ideally, vehicles used for delivering raw ingredients should be dedicated solely to such deliveries and thoroughly cleaned after each delivery. However, this may not always be feasible from an economic or logistical standpoint. At the very least, haulers should be required to disclose the contents of the last three loads delivered and provide information on the cleaning procedures used on their vehicles. Identify growth niches: In manufacturing environments following good manufacturing practices and including a “kill” step, most Salmonella contamination is attributed to microbial growth niches within the manufacturing system. Each feed manufacturing facility is unique, so it is the responsibility of personnel in each facility to identify these growth niches. Construct a flow diagram: By constructing a flow diagram of processing steps and conducting hazard analyses by testing products before and after each step it is possible examining potential contamination at each step of the feed processing system to identify microbial growth niches. The raw ingredient receiving operations area in feed manufacturing facilities is widely recognized as the primary location of heavy Salmonella contamination. This area is the source of most Salmonella-positive samples and the highest dust emissions in feed plants. Therefore, it is crucial to focus Salmonella control efforts on this specific part of the plant. Controlling moisture: Controlling moisture is crucial in controlling Salmonella contamination in feeds and feed manufacturing. While some moisture sources like roof leaks are obvious, feeds can also gain moisture through condensation or absorption from humid air. Neglected microbial control measures can lead to the endemic presence of Salmonella, making eradication challenging due to the formation of biofilms on equipment surfaces. Appropriate design and maintenance of systems: However, poorly designed or maintained systems can generate heat in ground materials, leading to moisture migration and concentration, which can facilitate microbial growth, including Salmonella. Pelleting systems (thermal processing) have been shown to reduce Salmonella isolation rates by 50 to 93%. These systems rely on steam addition for pathogen destruction, but the steam also adds moisture to the pelleted feeds. While well-functioning pelleting systems remove the added moisture through pellet coolers, contamination in coolers may be higher due to increased moisture from condensation on interior surfaces, which creates favorable conditions for Salmonella growth. There are various methods to kill Salmonella in feeds, including pelleting (thermal processing), chemical addition, or a combination of both. Several factors influence the effectiveness of these strategies. Therefore, regular monitoring of control methods is essential to assess their effectiveness. The pelleting process consists of three major steps: conditioning, pelleting, and cooling. Conditioning is considered the most crucial part, where steam is added to the feed, increasing its heat and moisture. This activation of chemical inhibitors and the reduction of pathogens like Salmonella occur during this stage. Factors such as temperature, time, and moisture play a significant role in microbial lethality during conditioning. Target temperatures of 175 to 185°F (80 to 85°C) are recommended, and conditioning times can vary depending on the equipment used. Expanders and extrusion-based systems can also be employed to enhance microbial lethality. The pelleting process, without augmentation, can effectively reduce Salmonella isolations by approximately 80 to 85%. However, its effectiveness may be limited by factors such as feed composition, recontamination, or both. Chemicals, mainly blends of organic acids (e.g., formic and propionic acids) and formaldehyde, have been used to control Salmonella in feeds. Proper application of these chemicals can protect against recontamination, but controlling Salmonella cells already present in the feed may be more challenging. Higher temperatures during feed processing can increase the effectiveness of organic acids. However, high inclusion rates and extended periods may be necessary for organic acids to destroy existing bacteria. Formaldehyde has demonstrated superior decontamination compared to acid products but has the disadvantage of being volatile and potentially evaporating in open systems. Proper protection for workers is necessary, and some commercial formaldehyde-based products may contain additional antimicrobial compounds to mitigate evaporation effects. It is important to note that organic acids and formaldehyde must be used to ensure no residues are left in the animal products (meat, milk, eggs) and that they do not adversely affect animal health or feed production processes. Several researchers have indicated that contaminated feed ingredients are the main source of in the feed manufacturing environment. It is advised to assume that all raw feed ingredients are contaminated. Contamination can occur during processing and handling, with some ingredients being handled multiple times before reaching the end user. Therefore, it is important to communicate -negative specifications to ingredient suppliers and purchase ingredients only from with a Upon receiving ingredient loads at the manufacturing facility, it is crucial for mill personnel to for signs of contamination and reject loads with indications of contamination. Soybean oil appeared to protect Salmonella from environmental conditions, making it difficult to eliminate in areas with fat accumulation. Therefore, reducing oil or fat accumulation in the feed mill environment is important to decrease the survival and spread of Salmonella. However, poorly designed or maintained systems can generate heat in ground materials, leading to moisture migration and concentration, which can facilitate microbial growth, including Salmonella. How to kill in animal feed? There are various methods to kill in feeds, including pelleting (thermal processing), chemical addition, or a combination of both. Several factors influence the effectiveness of these strategies. Therefore, regular monitoring of control methods is essential to assess their effectiveness."
https://wikifarmer.com/how-to-raise-horses/,10/19/2023 20:04,"How to raise Horses Introduction to horse raising – Raising Horses Basics If you possess the triangle “Enough Land – Enough Time – Enough Energy”, you can feel the joy of raising your horses at your property. The emotional bonds developed after some time between humans and horses are unparalleled. Horse is a highly intelligent and emotional animal that will change your life. Interacting with horses is one of the most stress relieving activities. However, you have to be fully prepared and consider the financial issue along with the commitment needed, if you decide to raise horses at your property. Horses or any other livestock cannot be left unattended for over a day. Raising horses means caring, watching, cleaning, feeding and troubleshooting 365 days a year. Thus, if you consider leaving let’s say for a weekend, you must find an experienced and reliable farm sitter to take care of your horses. Furthermore, if you possess horses of special needs and/or if your field cannot produce enough pasture most of the year, you will have to spend 400-500 $ per month for feeding each horse. To this, you have to add of course the cost of purchasing the horses (there are various adoption programs though), veterinary costs (normal and emergency), various horse equipment along with the costs associated with building and maintaining a decent and legitimate horse property. The average lifespan of a domesticated horse is 30 years. The average horse reaches its reproductive period at the age of 5. Before that age, the horse shall not be ridden, because its skeleton and bones are not fully developed. Racehorses are usually ridden at 1-1,5 years old, and that’s why they are usually retired by the age of 6. Some of them are permanently lamed and many others have to be euthanized (put to sleep) by the age of 3. Since you expect a long term relationship with your horses, you have to respect them and let them live their lives with dignity. 1.) How to raise Horses 2.) Housing Horses 3.) Selecting a Horse 4.) How to feed Horses 5.) Health Safety and Care of Horses 6.) Horse Waste & Manure Management 7.) Q&A Horses horse raising horses"
https://wikifarmer.com/category/agricultural-machinery/,10/19/2023 20:04,Error: can only join an iterable
https://wikifarmer.com/how-to-feed-pigs/,10/19/2023 20:04,"How to feed Pigs Feeding Pigs Basics – What do Pigs eat Until nowadays, there is an ongoing debate on the proper pig feed program. There are mainly two different approaches, “Pasture” vs. “Commercial Hog Feed”. The supporters of the “Pasture” approach base their pigs’ diet on pasture at a percentage of 70% or more. It is for sure that the average pig not only can survive, but also gain some weight and live healthy when it eats only pasture and drinks water. Under this diet scheme, pigs have survived in the wild for centuries. With the term pasture we define a broad range of plant species: grass, clover, alfalfa (Medicago sativa), chicory, legumes, brassica, shrubs, young trees etc. The biodiversity of pasture is directly related to the quality of food consumed (more diverse food – better quality). However, it is not safe to let your pigs eat any unidentified plant. Some species of Rhododendron and other ornamental plants (Azalea, Geranium) and shrubs have been found to be toxic for the pigs and may result in life threatening situations after eating even one small leaf. Nightshade (potatoes and tomato) leaves have also been reported to be toxic in some cases. In all cases, a future pig owner shall make a research on locally found plants that can be toxic to pigs. Although the pasture school of thought is gaining ground, even the greatest supporters of “Pasture” admit that the growth of their pigs is severely inhibited when they are fed only in pasture. This is the reason that experienced pastured pig farmers add other foods (e.g. cooked eggs or other protein rich food) to enrich the diet of their pasture pigs. On the other hand, “Commercial Hog Feed” supporters claim that -contrary to cow- pig is monogastric animal and is against its nature to eat pasture at 70% or more of its diet. These farmers rely on commercial premixed hog feeds (pellets), which adjust the protein levels. They state that pigs should be fed 15-18% crude protein. Under such a feed scheme, the average pig weighing 50 lbs. (22 kg) being 7 weeks old will have a weight of 230 lbs. (100 kg) being 20 weeks old. Contemporary commercial feed contain ingredients including plant-sourced protein (wheat, barley, peas, rice sesame, corn, soy), botanicals, probiotics plus vitamins, minerals and other trace nutrients to optimize pig performance (rapid growth, waste minimization). Especially the grains have raised much attention. Many farmers claim that grains –if put on a pig diet at a percentage of 15-20%- help the pig produce pork of better quality, among other benefits. Lysine is also very important for pigs raised for meat. It helps promote growth and development of muscles. Some concentrated pig feeds contain 40% crude protein and 2,5% lysine. Thus, farmer often mix 100 pounds of concentrate with 300 pounds of ground corn, so that the protein and lysine will adjust to desired levels. Nowadays, the supporters of both approaches often add other products to pigs’ diet, as for example boiled potatoes, boiled carrots, pumpkin, apples, kitchen leftovers (other than meat and fish). Many farmers also give goat milk to their pigs on a daily basis. Before the 20th century’s prevalence of commercial hog feeders, old farmers used to base their pigs’ diet entirely on whole corn, goat milk, hard cooked eggs, boiled carrots and many fruits (mainly apples and pumpkins). They used to offer a mix of the above to their pigs and allowed them to eat 2, 3 or even 4 times a day (but 3 times a day minimum during winter frost) for just 15 minutes each time. The pig also needs to have access to fresh water 24 hours a day. The average pig drinks 3 gallons of water (11 lt.) every day. If we notice that one of our pigs has not consumed water for 5-6 hours or so, we must contact a licensed vet as soon as possible. Thus, there isn’t a single answer to the question “how to feed the pigs”. It depends on the reason you are raising pigs (meat vs. pet), on what you have available, on whether you have a big field producing rich diverse pasture, on what type of ingredients or final food you can find at your place at a good price etc. An inexperienced farmer shall first consult local experts, local pig farmers or unions, local veterinarian and/or agronomist in order to form a rational annual feed program and be informed of toxic plants and shrubs that are commonly found in the region. Read more on Plants Poisonous to Livestock. You can enrich this article by leaving a comment or photo of your pigs feed. 1.) How to raise Pigs 2.) Housing Pigs – Designing the Pig Farm 3.) Selecting Pigs 4.) How to feed Pigs 5.) Pigs Health, Diseases & Symptoms 6.) Pig Manure Production & Waste Management 7.) Q&As on Pigs Do you have experience in Pig farming? Please share your experience, methods and practices in the comments below. Pigs feeding pigs pigs"
https://wikifarmer.com/serious-cattle-diseases-caused-by-pathogenes/,10/19/2023 20:04,"East Coast Fiver (Theileriasis, Theileriosis, African Coast fever) Rinderpest Anthrax Babesiosis (Redwater fever) Botulism Blackleg Malignant oedema Tetanus Brucellosis Calf Pneumonia (Respiratory diseases in young animals) Foot Rot in Cattle Foot-and-Mouth Disease T.B. (Bovine Tuberculosis) Trypanosomiasis Leptospirosis Read more in the author’s book “Success in Agribusiness: Profitable milk production”, by James Mwangi Ndiritu. Some serious livestock diseases are found in some geographical locations and have been known to result in catastrophic livestock losses. These diseases have been termed as notifiable diseases, and livestock farmers need to report these diseases immediately to the relevant authorities once they have been observed. Some of these are: East Coast fever (E.C.F.) is a tick-transmitted cattle disease characterized by high fever. The disease causes high mortalities in breeds non-indigenous to the endemic areas and is confined to eastern, central, and parts of southern Africa. The causative agent of classical E.C.F. is Theileria parva. The life cycle of T. parva is complex in its tick and mammalian hosts. Sporozoite stages, produced in large numbers in the salivary glands of the infected tick vector, are inoculated along with saliva during feeding and rapidly enter target cells. From day 14, after tick infection of cattle, the disease cells from the ticks infect the salivary glands of the next instar, the nymph or adult. Cattle in endemic areas, particularly the zebu type, appear less susceptible to E.C.F., as do young animals. Introduced cattle are much more susceptible to E.C. F than cattle from endemic areas. The African buffaloes and waterbucks are reservoirs of T. parva infection. The distribution of E.C.F. is associated with the distribution of the vector tick species. It is found from sea level to over 8,000 feet in areas with an annual rainfall of over 20 inches (500 mm). Up to three generations of the tick vector can occur yearly in some areas of east Africa (Lake Victoria Basin). Transmission: Ticks are the main field vector of E.C.F. East coast fever is not maintained or transmitted without these field vectors. Normally, for transmission to occur, the infected tick has to attach for several days to enable sporozoites to mature and be emitted into the saliva of the feeding tick. Ticks can remain infected on the pasture for up to 2 years, depending on the climatic conditions and the stage of infection, for adults survive longer than nymphs. The parasite dies out faster in hot climates and in nymphs compared with adults. Incubation Period: The incubation period has a medium range of 8 to 12 days. The incubation period may be much more variable in the field owing to differences in challenges experienced by the cattle and may extend beyond 3 weeks after attachment of infected ticks. The first sign of E.C.F. in cattle appears 7 to 15 days after the attachment of infected ticks. This can be observed as a swelling of the draining lymph node. Usually, the preferred feeding site of the vector is the parotid for the ear of the animal. This rapid temperature increase usually exceeds 39.5 °C (103 °F) but may reach 42° C (107.6 °F). Anorexia develops, and loss of condition follows. Death usually occurs 18 to 30 days after an infestation of susceptible cattle by infected ticks. Mortality in fully susceptible cattle can be nearly 100%. The severity and time course of the disease depends on, among other factors, the magnitude of the infected tick challenge, for E.C.F. is a dose-dependent disease, and on the strain of parasites. Some stocks of parasites cause chronic wasting disease. A fatal condition called “turning sickness” is associated with the blocking of brain capillaries by infected cells and results in neurological signs. In recovered cattle, chronic disease problems can occur that result in stunted growth in calves and a lack of productivity in adult cattle. Gross Lesions: A frothy exudate is frequently seen around the nostrils of an ECF-infected animal. Lymph nodes are greatly enlarged and may be hyperplastic, haemorrhagic, and oedematous. Signs of diarrhoea, emaciation, and dehydration may be seen. Morbidity and Mortality: East Coast fever in susceptible cattle not indigenous to the area is very severe, with a death rate (mortality) approaching 100%. Animals that recover are often unthrifty and sickly. Zebu cattle residing for many generations in endemic areas become infected (100% morbidity), but only a minor proportion succumb; however, many become carriers, and early infection with T. parva can affect their growth and productivity. Treatment: The availability of a therapeutic means of controlling E.C.F. is a significant development. Currently, three effective drugs for treating E.C.F. are available and these are the parvaquone, buparvaquone (Butalex), and halofuginone lactate. However, there are two constraints to the widespread use of medication: the drugs are too expensive for most African farmers and rapid, accurate diagnosis is required for effective therapy. Vaccination: The current primary method of controlling E.C.F. in cattle is immunization and treatment of cattle with chemical acaricides. Several acaricides, mainly organochlorides and organophosphorus compounds but recently synthetic pyrethroids and amides, are applied in dips, spray races, or by hand spraying. More recently, “pour on” or “spot on” formulations have been introduced. The application is usually weekly, but this rate has to be increased when the challenge is high. Rinderpest (R.P.) is a contagious viral disease of cattle, domestic buffalo, and some wildlife species. It is related to the canine distemper virus, human measles virus, and marine mammal viruses. It is characterized by fever, oral erosions, diarrhoea, lymphoid necrosis, and high mortality. Rinderpest virus is a relatively fragile virus. The vaccine must therefore be kept in a brown bottle and protected from light; the virus in a thin layer of blood is inactivated in 2 hours. Moderate relative humidity inactivates the virus more quickly than high or low humidity. The virus is susceptible to heat. Vaccine reconstituted in pure water quickly loses potency. The vaccine is more stable in a saline solution. Rinderpest virus is rapidly inactivated at pH 2 and 12 (10 minutes); optimal for survival is a pH of 6.5-7. The virus is inactivated by glycerol and lipid solvents. Transmission is through secretions and excretions, particularly nose and eye discharges and faeces, 1 to 2 days before clinical signs to 8 to 9 days after the onset of clinical signs containing large quantities of the virus. Spread of R.P. is by direct and indirect (contaminated ground, waters, equipment, clothing) contact with infected animals. A major reason R.P. spreads so fast is that many herds are nomadic. Cattle follow the grass and thus move great distances, and during the dry season, many herds will use the same well or watering area, and thus there is ample opportunity for cross-infection. There is only one serotype of RPV; recovered or properly vaccinated animals are immune for life, and there is no vertical transmission, arthropod vector, or carrier state. For these reasons, RPV is an ideal virus to be targeted for eradication. The roles the various hosts can play in the disease are as follows: The incubation period varies with the virus strain, dosage, and route of exposure. Following natural exposure, the incubation period ranges from 3 to 15 days, usually 4 to 5 days. This form is seen in highly susceptible and young animals. The only signs of illness are a fever of 40-41.7 °C (104-107 °F), congested mucous membranes, and death within 2 to 3 days after the onset of the fever. Mouth lesions are variable; some isolates cause good oral lesions, and with others, there is no oral lesion. Mouth lesions start as small grey spots that may join together. The grey dead layer then peels off and leaves red erosion. Mouth lesions occur on the gums, lips, hard and soft palate, cheeks, and base of the tongue. Early lesions are grey, necrotic, pinhead-sized areas that later join and erode and leave red areas. Rinderpest should be considered in all ages of cattle whenever the above signs and lesions of R.P accompany a rapidly spreading acute respiratory disease. Control and Eradication Countries and areas free of R.P. should prohibit unrestricted movement of RP-susceptible animals and uncooked meat products from areas infected by R.P. or practising R.P. vaccination. If an outbreak occurs, the area should be quarantined, infected and exposed animals slaughtered and buried or burned, and ring vaccination considered. Because recovered animals are not carriers, and there are good serological techniques, ruminants and pigs are translocated with proper quarantine and testing. High-risk countries (those trading with, or geographically close to, infected countries) can protect themselves by having all susceptible animals vaccinated before they enter the country or vaccinating the national herd or both. If an outbreak occurs, the area should be quarantined, and ring vaccinated. In areas of occurrence or where suspected, vaccination should be done on all animals. Due to the uncertainty of vaccine potency, the recommendation is to vaccinate annually for at least 4 years, followed by annual vaccination of calves. The Centre of infection should be quarantined and destroyed. Wildlife, sheep, and goats should be monitored serologically. Serological monitoring of sheep and goats could be complicated by using R.P. vaccine to protect against peste des petits ruminants. Anthrax is a highly fatal disease in animals, with sudden death being the most common sign. Other signs may include trembling, high temperature, difficulty breathing, collapse, and convulsions before death. Post-mortem examinations should not be undertaken on suspected anthrax cases until a blood smear has been done and proved negative. The disease can be prevented by sterilization of meat and bone meal used in animal feed. Treatment is rarely possible due to the rapidity of the disease, but high doses of penicillin have been effective in the later stages of some outbreaks. Any suspicion of anthrax must be notified to the Divisional Veterinary Officer, who will arrange a visit to take a blood sample to determine whether anthrax is present on the farm. Babesiosis is a parasitic disease that affects the red blood cells of cattle, transmitted by ticks. Clinical signs usually begin around two weeks after infection and include increased temperature, red urine, and constipation. The disease is rare, except in known tick areas, where it can significantly impact productivity and fertility. Treatment is usually necessary for severe cases, and preventative measures include identifying risk areas, tick control, and prophylactic treatment of cattle before moving to a risk area. There is currently no vaccine available. Botulism is a fatal food poisoning in cattle caused by consuming toxins from Clostridium botulinum. The disease occurs worldwide and is commonly caused by ingesting contaminated silage or contacting animal carcasses or skeletons containing the toxin. The incubation period before symptoms can range from a few hours to two weeks, which makes it difficult to identify the source of the toxin. Cattle typically develop sub-acute symptoms such as restlessness, incoordination, and difficulty swallowing, which can progress to paralysis and death within 1-7 days. The use of poultry litter as fertilizer on cattle pastures is also a risk factor due to the presence of poultry mixed with the litter. Blackleg, or black quarter, is an acute infectious disease of cattle caused by an organism of the genus Clostridium. Blackleg infection is caused by Clostridium spp and is almost always associated with wound infection in cattle. Most cases occur in young stock between 10 months and two years of age. It is characterized by inflammation of muscles with swelling and pain in the affected areas. Toxins formed by the organism produce severe muscle damage, and the death rate is high. Animals between six months and two years are most commonly affected. Treatment with large doses of antibiotics is only partially successful; in endemic areas, young animals can be vaccinated for prevention. Legs and tongue are often the predilection site. Within 48 hours, there is a high fever, and if limb muscles are involved, the animal becomes stiff and unwilling to move. Skin discolouration, subcutaneous oedema and gas production may be present. Infections of the head may produce marked oedema and even bleeding from the nose. Death usually follows a period of lack of appetite (anorexia), profound depression and restlessness’. The spores of Clostridia spp survive well in the soil. Treatment is by giving penicillin in the early stages. Control through vaccinating the animals. Malignant oedema is caused by the infection of wounds with bacilli of the genus Clostridium (C. oedematiens type A; C. chauvoei; C. perfringens; C. sordellii; C. septicum). The condition is fairly rare and sporadic, but outbreaks involving several animals may occur after an event that has caused bruising or wounds (e.g. penning for a short period). Clinical signs appear rapidly after infection, and at the site of infection, swelling will develop, which will ‘pit’ on pressure. Gas may be detected as the skin becomes darkened and tenser. A high fever is present, and toxaemia develops. The animal dies within 1 – 2 days. Tetanus is caused by the toxin tetanospasmin released from the spore-forming bacillus Clostridium tetani. The disease in cattle occurs most often after a surgical intervention or difficult calving after spores enter a wound. Germination of spores occurs only if the microenvironment is anaerobic. After germination of the spores within the wound, the C. tetani bacilli proliferate and produce toxins. The incubation period can vary from 3 days to several months, but most cases usually occur after about 10 days. At first, the animal appears slightly stiff, becomes unwilling to move and develops a fine muscle tremor. The temperature rise is variable (39 – 42 °C or 102-107.6 °F). The general stiffness of the limbs, head, neck and tail increases after 12 – 24 hours. The animal shows hyperesthesia and repeated spasms. Chewing cuds (Mastication) becomes difficult due to tetany of the masseter muscle (lockjaw), food is chewed with difficulty, the animal drools saliva, and bloat often occurs. There is the retention of urine and constipation. The animal becomes recumbent, with the legs rigidly extended and the jaws become rigid. The animal usually dies due to respiratory failure 3 – 4 days after the onset of clinical signs. Milder cases, which develop more slowly, can recover over a period of weeks or even months. The most effective way of controlling clostridial diseases is by vaccination. The veterinary surgeon or the manufacturers’ datasheets should be consulted for their proper use. Vaccine choice and use should be agreed upon with the nominated veterinary surgeon to ensure adequate disease protection during the conversion period. Only healthy animals should be vaccinated. Attempts should be made to minimize all wounds and treat all those that do occur. Good hygiene is essential at castration and assisted calving docking. Careful handling is important as bruising may cause blackleg. Clean needles and a clean, dry injection site are important if the animals are to be injected, as penetrating wounds may cause tetanus. Brucellosis is a highly contagious bacterial infection caused by Brucella abortus that primarily results in abortion in cattle and can also affect the testicles of bulls. The infection can be transmitted to humans, causing a chronic disease known as undulant fever, and infected cattle can excrete bacteria in their milk. Brucellosis cannot be diagnosed on signs alone and requires laboratory testing of blood or milk samples. There is no treatment for infected cattle, and they and their contacts must be slaughtered. Prevention is regulated by law, and all suspected cases must be reported to the local animal health office. It is important to be vigilant with new introductions, as they may test negative but can still carry the infection. Pneumonia is a multifactorial disease affecting young calves mainly in two systems: housed dairy calves reared for replacement or housed calves reared for beef in a herd. Dairy calves can suffer from chronic or acute pneumonia. In contrast, suckler calves are more likely to suffer from respiratory disease between two and five months of age following weaning or transport. Outdoor-reared beef suckler calves can also be severely affected by pneumonia. Inadequate ventilation, cold, humid conditions, stress, and inadequate intake of colostrum are environmental factors that can increase the risk of respiratory disease. Vaccines are used to boost calf immunity against respiratory pathogens, and the vaccines should be used as part of a disease prevention program that addresses environmental and management factors on the farm. Respiratory stress in calves can increase their susceptibility to respiratory disease, and overcrowding, poor ventilation, and high humidity are factors that contribute to this stress. Good ventilation and adequate space allowance can reduce the likelihood of pneumonia. Separating age groups and keeping group sizes small can also help prevent respiratory diseases. Introducing animals from other herds can increase the risk of disease transfer, so keeping recent purchases separate from the herd for a few weeks is a recommended control measure. “Foot rot” is a term that is loosely used to describe lameness associated with the bovine foot. However, true foot rot is characterized by acute inflammation of the skin and adjacent soft tissues of the interdigital cleft or space. It is accompanied by diffuse swelling, varying degrees of lameness and, in most cases, a foul-smelling necrotic lesion of the interdigital skin. It is a frequent problem for beef and dairy cattle, especially in poorly drained, muddy pens, lots, and pastures. Healthy skin is resistant to bacterial organisms, whereas diseased or injured epithelial tissues are susceptible to infection. Infectious agents gain entry through the skin due to injury caused by sharp pieces of stone, metal, wood, stubble, thorns, and frozen manure. High rainfall with wet faeces and mud can soften the interdigital skin, making it susceptible to injury. Other factors that may encourage damage to the interdigital skin may include irritation and erosion of the interdigital skin caused by interdigital dermatitis, believed to be partly a consequence of the constant exposure of feet to mud and manure. The earliest and most obvious clinical sign of foot rot is lameness, which increases in severity as the disease progresses. Once the infectious organisms become established, they cause inflammation and necrosis of tissue, resulting in slight to severe swelling and pain. The swelling is usually more evident in the interdigital space and around the skin horn junction. The swelling is usually sufficient to cause separation of the digits. A break or fissure in the interdigital space develops, which may extend from the front of the foot to the bulbs of the heel. These lesions are sometimes difficult to see unless the foot is elevated and properly restrained for examination. The interdigital lesion is often necrotic along its edges and has a characteristic fetid or foul odour, hence the name foul-in-the-foot. The signs of foot rot in cattle include lameness, withholding or raising a foot, reluctance to move, impaired locomotion, loss of appetite, weight loss, low-grade fever and reduction in milk yield for lactating cows. If left untreated, lameness becomes increasingly severe with infection. Hind feet are affected most often, and cattle tend to stand and walk on their toes. Foot rot is diagnosed by observing the animal and physical examination of the foot for the characteristic gross lesions. The affected foot should be cleaned and inspected for characteristic clinical signs and to rule out other causes for the swelling and lameness, such as foreign bodies, infectious arthritis, or wounds caused by trauma. Historically, an antiseptic and bandage were applied after cleaning and trimming the foot, but topical treatment and bandaging are considered less important than systemic therapy. Prompt diagnosis and antimicrobial therapy initiation are essential for a satisfactory response. In commercial beef cattle that are difficult to handle, feed additives such as chlortetracycline and oxytetracycline have been used to control and treat large numbers of cattle with the disease. Preventive measures include removing sources of injury and keeping feet dry and clean. Mud holes should be filled, and stagnant pools drained or fenced off. Lots should be well-drained, and manure should be removed frequently to reduce the amount of muddy filth. In areas where cattle frequently walk, such as in lanes or gateways, grading or filling in low areas to provide a well-drained walking pathway may help prevent foot rot cases. Pouring a concrete pad around feed bunks and water troughs will help keep feet dry. In dairy cows, beef cows and bulls, regular foot care, including claw trimming as needed, helps prevent foot diseases and injuries. Animals may also be walked through a foot bath containing copper sulfate, zinc sulfate or formalin (where permitted). Footbaths are more commonly utilized in dairies and may be impractical for most beef herds. Foot-and-mouth disease (F.M.D.) is a highly contagious viral disease that affects cattle, swine, sheep, goats, deer, and other cloven-hoofed ruminants. It causes fever and blister-like lesions that develop into erosions on the tongue, lips, mouth, teats, and hooves, leading to severe production losses in meat and milk. The disease is caused by a virus that can survive for up to a month in contaminated fodder and the environment and is spread through contact with infected animals, people, or materials. Signs of illness can appear after an incubation period of 1 to 8 days, and recovery can leave animals debilitated. Due to its rapid spread and significant economic impact, F.M.D. is one of the most dreaded animal diseases for livestock owners. An outbreak can occur when: Susceptible animals are exposed to materials such as hay, feedstuffs, hides, or biologics contaminated with the virus. Susceptible animals drink common source contaminated water. A susceptible animal is inseminated by semen from an infected animal. Signs: Vesicles (blisters) followed by erosions in the mouth or on the feet and the resulting excessive salivation or lameness are the best-known signs of the disease. These signs may appear in affected animals during an F.M.D. outbreak: Marked rise in body temperature for 2 to 3 days. Vesicles that rupture and discharge clear or cloudy fluid, leaving raw, eroded areas surrounded by ragged fragments of loose tissue. Production of sticky, foamy, stringy saliva. Reduced consumption of feed due to painful tongue and mouth lesions. Lameness with reluctance to move. Abortions. Low milk production (dairy cows). Inflammation of the muscular walls of the heart) and death, especially in newborn animals. F.M.D. is one of the most difficult animal Infection diseases to control. Livestock animals are highly susceptible to F.M.D. viruses. Vaccination can help contain the disease if it is used strategically to create barriers between FMD-infected zones and disease-free areas. Vaccines for F.M.D. are available but must be matched to the specific type and subtype of virus causing the outbreak. Tuberculosis (T.B.) in cattle is caused by Mycobacterium bovis and can be transmitted to humans. The bacterium is resistant to desiccation and can survive for long periods in the environment, including in soil and cattle faeces. Infection can occur through inhalation or by consuming contaminated milk or other bodily fluids. Growing heifers and younger cows are at the highest risk, and infection can spread within a herd through inhalation or contact with contaminated bodily fluids. Prevention measures include sound fencing to prevent contact between neighbouring cattle, avoiding common grazing, keeping bought-in animals separate and checking their T.B. status, and minimizing direct contact between cattle and wildlife. Signs of T.B. in cattle are usually confined to the respiratory tract and include a soft, chronic cough and increased depth and rate of respiration. The blood-sucking flies spread this vector-borne disease in the tropics known as tsetse flies which spread the trypanosome parasite that multiplies in red and white blood cells reducing the animal disease resistance. In acute cases, it causes high temperature, Progressive weakness, and Anaemia. In chronic cases, it causes temperature variation. The animal has a dry coat and becomes very thin and listless. Treatment and control through several drugs are available on prescription from the veterinary department. The injection of the drug cures the disease and protects the animal for about one month. Control by clearing bushes to destroy the tsetse fly’s living places In calves, it causes fever, Prostration, Loss of appetite, Difficulty in breathing, Yellow of mucous membranes, Red urine, Anaemia Older cattle 1. The fever period is short and accompanied by loss of appetite and depression 2. There is a sudden drop in milk production in milking cows. 3. The milk is thick yellow and blood-tinged 4. Abortion is a common feature in pregnant females and is commonest about the seventh month of pregnancy. Control is through giving antibiotics early enough. Do not mix pigs with cattle, as pigs are a well-established natural reservoir of infection. East Coast fever (E.C.F.) is a tick-transmitted cattle disease characterized by high fever. The disease causes high mortalities in breeds non-indigenous to the endemic areas and is confined to eastern, central, and parts of southern Africa. The causative agent of classical E.C.F. is Theileria parva. The life cycle of T. parva is complex in its tick and mammalian hosts. Sporozoite stages, produced in large numbers in the salivary glands of the infected tick vector, are inoculated along with saliva during feeding and rapidly enter target cells. From day 14, after tick infection of cattle, the disease cells from the ticks infect the salivary glands of the next instar, the nymph or adult. Cattle in endemic areas, particularly the zebu type, appear less susceptible to E.C.F., as do young animals. Introduced cattle are much more susceptible to E.C. F than cattle from endemic areas. The African buffaloes and waterbucks are reservoirs of infection. The distribution of E.C.F. is associated with the distribution of the vector tick species. It is found from sea level to over 8,000 feet in areas with an annual rainfall of over 20 inches (500 mm). Up to three generations of the tick vector can occur yearly in some areas of east Africa (Lake Victoria Basin). Transmission: Gross Lesions: East Coast fever in susceptible cattle not indigenous to the area is very severe, with a death rate (mortality) approaching 100%. Animals that recover are often unthrifty and sickly. Zebu cattle residing for many generations in endemic areas become infected (100% morbidity), but only a minor proportion succumb; however, many become carriers, and early infection with can affect their growth and productivity. Vaccination Cattle and buffalo: highly susceptible, Sheep and goats: sub-clinical infection and seroconversion, but there is no transmission to other animals. Pigs: can be naturally infected and may die, infected by ingestion of infected meat and will transmit to cattle and other pigs. Highly susceptible: African buffalo, wildebeest, kudu, eland, giraffe, and warthog. Fairly susceptible: Thompson gazelle, hippopotamus Malignant oedema is caused by the infection of wounds with bacilli of the genus Clostridium ( C. oedematiens type A ; C. chauvoei; C. perfringens; C. sordellii; C. septicum ). The condition is fairly rare and sporadic, but outbreaks involving several animals may occur after an event that has caused bruising or wounds (e.g. penning for a short period). Clinical signs appear rapidly after infection, and at the site of infection, swelling will develop, which will ‘pit’ on pressure. Gas may be detected as the skin becomes darkened and tenser. A high fever is present, and toxaemia develops. The animal dies within 1 – 2 days. Tetanus is caused by the toxin tetanospasmin released from the spore-forming bacillus Clostridium tetani . The disease in cattle occurs most often after a surgical intervention or difficult calving after spores enter a wound. Germination of spores occurs only if the microenvironment is anaerobic. After germination of the spores within the wound, the C. tetani bacilli proliferate and produce toxins. Brucellosis is a highly contagious bacterial infection caused by Brucella abortus that primarily results in abortion in cattle and can also affect the testicles of bulls. The infection can be transmitted to humans, causing a chronic disease known as undulant fever, and infected cattle can excrete bacteria in their milk. Brucellosis cannot be diagnosed on signs alone and requires laboratory testing of blood or milk samples. There is no treatment for infected cattle, and they and their contacts must be slaughtered. Prevention is regulated by law, and all suspected cases must be reported to the local animal health office. It is important to be vigilant with new introductions, as they may test negative but can still carry the infection. Calf Pneumonia (Respiratory diseases in young animals) Foot rot is diagnosed by Preventive measures Animals carrying the virus are introduced into susceptible herds. Contaminated facilities are used to hold susceptible animals. Contaminated vehicles are used to move susceptible animals. Raw or improperly cooked edible containing infected meat or animal products are fed to susceptible animals. People wearing contaminated clothes or footwear or using contaminated equipment; pass the virus to susceptible animals. Tuberculosis (T.B.) in cattle is caused by Mycobacterium bovis animal diseases Cattle diseases livestock diseases"
https://wikifarmer.com/feeding-systems-of-farm-animals/,10/19/2023 20:04,Error: can only join an iterable
https://wikifarmer.com/livestock-feed-selection-evaluation-of-feed-ingredients/,10/19/2023 20:04,Error: Target closed
https://wikifarmer.com/market/en/honey/,10/19/2023 20:04,"HONEY Honey Package (imported) 5KG Floral honey bouquet with overwhelming sunflower. Multifloral Honey Bee Polyfloral honey; 30 000 kg avaliable; either in jars (different sizes depending on buyers choice) or tins (25kg each). Wholesale Floral Honey Bouquet 22000kg+ Raw Acacia honey 250kg Čaklā bite Bio Honey 1kg Orange honey in bulk Oak honey in 25 kg containers FLOWER HONEY 950 GR JAR. Flower Honey in Bulk 1kg Pine honey in bulk Glass Jar Honey with honeycomb 500g Honey squeeze bottle 500g Flower honey 460gr Flower Honey - in bucket 25kg Wildflower Honey - price for 1 kg - wholesale purchase in buckets WILD FLOWER HONEY 980gr Orange Honey 3 kgr Acacia honey is extremely tasty with many properties from Evros 980gr Orange Honey 5 kgr PINE HONEY 980gr Flower Honey 960gr OAK HONEY 980gr Flower Honey 950gr Flower Honey 3 kgr Forest Honey 960gr Flower Honey 5 kgr Orange Honey 950 g. Pine Honey 950gr Orange Honey 950gr Pine honey 1kg Nektar - Greek Honey From Oak, Pine and wild Flowers 1KG AVOCADO HONEY JAR 950 GRS. FOREST HONEY JAR 950 GRS. ROSEMARY HONEY JAR 950 GRS. FLOWER HONEY 1 KILO JAR. BLOSSOM HONEY 500gr ALBAIDA HONEY JAR 1KG Orange honey 450 g. OAK HONEY 800gr Orange honey 1kg jar. Pine honey 950 g Oak honey 1 kg Hungary Products found 887 887 Greece (616) Spain (76) Italy (53) Portugal (23) Other types of Honey (282) Forest Honey - Pine Honey (145) Flower Honey (111) Thyme Honey (101) Oak Honey (68) Propolis (43) Orange Honey (42) Heather Honey (37) Non-GMO (1) ISO 22000 (1) Vegetarian (1) Organic (66) On Discount (230) €17.85 5kg - €3.57 / kg 29 Pieces Heraclion, Greece Генерал Тошево, Bulgaria €4.15 1kg - €4.15 / kg 314 Pieces San Juan Opico, El Salvador €5.30 1kg - €5.30 / kg Montana, Bulgaria 1kg - €5.50 / kg Brest, Bulgaria €1450.00 250kg - €5.80 / kg Lajosmizse, Hungary Ludza, Latvia €150.00 25kg - €6.00 / kg €6.04 950g - €6.36 / kg 83 Pieces 1kg - €6.50 / kg 90 Pieces ΝΙΚΗΤΗ, Greece (2) €6.65 1kg - €6.65 / kg 76 PiecesMinimum 76 Pieces 500g - €6.80 / kg 148 Pieces Kampala, Uganda €3.20 460g - €6.96 / kg 157 Pieces Neo Ikonio, Greece €175.00 25kg - €7.00 / kg 3 Pieces Cellole, Italy €6.90 980g - €7.04 / kg 73 PiecesMinimum 73 Pieces Nea Smyrni, Greece €21.23 3kg - €7.08 / kg 980g - €7.14 / kg Alexandroupoli, Greece €35.89 5kg - €7.18 / kg €7.10 980g - €7.24 / kg 71 PiecesMinimum 71 Pieces 960g - €7.29 / kg 980g - €7.35 / kg -44% 950g - €7.37 / kg Patras, Greece €22.12 3kg - €7.37 / kg 960g - €7.40 / kg €37.17 5kg - €7.43 / kg €7.08 950g - €7.45 / kg -43% 950g - €7.47 / kg €7.13 950g - €7.51 / kg €7.51 1kg - €7.51 / kg 504 Pieces 500g - €7.60 / kg SERRES, Greece €7.77 1kg - €7.77 / kg €3.53 450g - €7.84 / kg 142 Pieces 800g - €7.88 / kg €7.88 1kg - €7.88 / kg 4.88 (8) €7.52 950g - €7.92 / kg €7.95 1kg - €7.95 / kg"
https://wikifarmer.com/category/animal-feed-nutrition/,10/19/2023 20:04,"Error: Page closed
=========================== logs ===========================
navigating to ""https://wikifarmer.com/category/animal-feed-nutrition/"", waiting until ""load""
============================================================"
https://wikifarmer.com/how-to-feed-chickens/,10/19/2023 20:04,"How to feed Chickens Feeding Chickens – What do Chickens eat As it happens in many livestock categories, we have the well-known “Pasture vs Commercial Feeder” argument. Supporters of “Pasture” school of thought claim that the chicken’s natural food is pasture combined with insects, worms, sand and small stones, all of which the chicken loves to explore itself rather than being offered in a plate. The state of wandering and exploring the food is very important and is strongly related with the well-being of the chickens. With the term pasture, we define a broad range of plant species: grass, clover, alfalfa (Medicago sativa), chicory, legumes, brassica etc. The biodiversity of pasture is directly related to the quality of food consumed (more diverse food – better quality). Many chicken farmers support that if a field can offer enough pasture for the chickens all year round, then there is no reason to offer anything else other than pasture, hay and simple cracked corn in the feeder. Many farmers also use chicken frames (or boxes) as an easy and convenient way to offer their chickens fresh grass in a small space. Chicken frames are actually raised beds protected with wired cloth. The chickens can eat only the upper part of the stems, while the roots of the plants are protected, so that the plants will grow up again in a few days. However, it is not safe to let your chickens eat any unidentified plant. When raising pastured chickens, you are strongly advised to remove any nightshade plant (tomato, potato, eggplant etc.) from your field, as the leaves and other parts of these plants are toxic to chickens. Other ornamental plants (Azalea) and shrubs have been found to be toxic for the chickens and may result in life threatening situations after eating even one small leaf. Although a field with rich and diverse flora is an excellent source of food, keep in mind that during the winter frosty days, even if your field can offer adequate flora and even if you have opened the door of the coop, the chances are that the chickens will not exit the coop most of the day. Consequently, in most cases we must have an adequate stock of commercial chicken feeder in order to offer our chickens a balanced nutrition with adequate protein levels and fiber. Most common commercial hen feeders are a mix of soy, corn and cotton seeds, often blended with alfalfa. Newborn chicks require a starter feed, which usually contains 20% protein and is often medicated against Coccidiosis. Scratch is used for adding energy to egg laying hens that eat mainly pasture. Scratch is usually made of cracked corn and whole wheat and is suitable food for keeping the chickens warm during winter cold. When we raise chickens for eggs, a common practice is to offer (among other feeds) pellets high in calcium (3%), which promote egg production. When we raise chickens for meat, we generally add more grains (wheat, barley and sorghum) to their diet (protein up to 20%), so as to promote their growth. Nowadays, pelleted food is very popular among the chicken farmers. The reason is that pellet feeding ensures that the chickens will receive the optimum mix of nutrients according to their intended use, growth stage and needs. Thus, the chickens will not have the chance to select the food they like, leaving the rest untouched. However, even the farmers that offer pellets to their chickens usually add whole grains at a small percentage to their diet. The reason is that eating whole grains stimulates a sensitive part of chicken’s stomach, something that has been found to be strongly related with chicken’s health and well-being. Keep in mind that grit is also important when your chickens do not forage at all. Grit (dirt, sand and small stones) is extremely helpful in the digestion, since chickens have no teeth. If your chickens graze outside and browse for food, they will surely select their fair share of grit from the field, so there is no need to add extra grit to their diet. Finally, chickens need to have 24 hour a day access to water. We can place immovable (automatic or not) waterers inside the coop and in 2-3 distant spots of the field. You can read more on Plants Poisonous to Livestock. You can enrich this article by leaving a comment or photo of your chicken feed. 1.) How to raise Chickens 2.) Chicken Coop – Hen House 3.) How to select chickens for eggs or meat 4.) How to feed Chickens 5.) Chickens Egg Production 6.) Backyard Chicken Health & Diseases 7.) Chicken Waste Management 8.) Q&As on Chickens Chicken Plants Poisonous to Livestock. chicken feeding chickens"
https://wikifarmer.com/category/horse/,10/19/2023 20:04,Error: can only join an iterable
https://wikifarmer.com/category/rabbits/,10/19/2023 20:04,Error: can only join an iterable
https://wikifarmer.com/how-to-feed-sheep/,10/19/2023 20:04,"Error: Page closed
=========================== logs ===========================
navigating to ""https://wikifarmer.com/how-to-feed-sheep/"", waiting until ""load""
============================================================"
https://wikifarmer.com/how-to-raise-sheep/,10/19/2023 20:04,"Error: Target page, context or browser has been closed"
https://wikifarmer.com/how-to-feed-goats/,10/19/2023 20:04,"Error: Page closed
=========================== logs ===========================
navigating to ""https://wikifarmer.com/how-to-feed-goats/"", waiting until ""load""
============================================================"
https://wikifarmer.com/how-to-raise-pigs/,10/19/2023 20:04,Error: can only join an iterable
https://wikifarmer.com/heat-stress-abatement-of-heat-stress-in-dairy-cattle/,10/19/2023 20:04,"Abatement of heat stress in dairy cattle The negative impact of heat stress Management strategies Nutritional interventions Concluding remarks Reduction in milk yield Respiration rates and body temperatures Physical appearance and susceptibility to diseases Provision of shade Focusing on ventilation Cooling with water Drinking water High-quality forages and concentrates Protein supplementation Vitamin and mineral supplements Frequency and time of feeding In dairy cattle, heat stress occurs when the animal generates and absorbs more heat than it can get rid of through the normal channels of respiration, sweating and evaporation. In dairy production, the focus is on dairy cows. Cows mainly generate heat during digestion and biosynthesis of milk and absorb solar heat when exposed to the sun. In general, livestock experience heat stress when the ambient temperature exceeds the upper critical temperature of the thermoneutral zone, which occurs in lactating dairy cattle when the temperature-humidity index (THI) is above 68. The comfort zone or thermoneutral zone for dairy cows arranges from -15°C to +25°C; the lower temperature is referred to as the Lower Critical Temperature (LCT) and the higher temperature is called the Upper Critical Temperature (UCT). At temperatures below the LCT, what is observed is that the cow increases its dry matter intake to keep warm by generating heat at the expense of milk production. On the other hand, at temperatures above the UCT, cows thrive to maintain thermal balance by increasing heat dispersion and limiting heat production; these strategies compromise several physiological and production characteristics of the animal. The challenge of heat stress is exacerbated by today’s ever-increasing global temperatures. The effects of heat stress on dairy cows are reduced feed intake, reduced fertility, lower milk production, and increased risk of diseases such as mastitis. The physiological status is compromised through observed increases in respiration rate, body temperature, and sweating. Heat stress negatively affects cow welfare as cows tend to spend more time standing; dairy cows will reduce lying time to increase body surface area for heat dissipation. When exposed to heat stress, dairy cattle increase heat dispersion through evaporation by mainly increasing the subcutaneous blood flow, panting, drooling, and time spent standing; these unusual activities increase the cow’s maintenance energy needs, re-directing the cow’s production energy partition towards thermal regulation instead of milk production. As most of the heat production in dairy cows is due to rumen fermentation, the cow will reduce her dry matter intake or feed intake; lower feed intake equals lower milk yield. It is also important to know that high-yielding cows generate more heat than dry cows or heifers, irrespective of ambient temperatures. To assess how well cows cope with the weather conditions and existing cooling practices, one can observe and record respiration rates or measure body temperatures at different times of the day. Normal respiratory rates for adult dairy cattle range between 40 and 60 breaths per minute (bpm). Immediate action should be taken if more than 10% of cows have a respiratory rate exceeding 100 bpm. When cows experience heat stress, the usual signs involve breathing with mouths open and panting with their necks extended, appearing lethargic and showing distressed behavior. The incidence of clinical mastitis and lameness are strongly associated with heat stress in dairy cows. As previously described, long-standing times compromise animal welfare; animal welfare is a major concern for today’s consumers of animal products. Heat abatement strategies focus on management solutions and nutritional interventions with the goal of balancing heat gain and loss over a 24-hour period. To help lower the cow’s body temperature and respiration rate, protecting the cow from direct solar radiation is a must. As reported by several heat abatement studies, providing proper shade helps reduce the solar heat load and remains one of the first recommendations to help dairy cattle cope with heat stress during hot conditions. It is important to avoid overcrowding when providing shade. To minimize the effect of direct sunlight exposure, buildings, and feeding areas outside are typically placed in the east–west direction. To help get rid of heat, air velocity flowing past a cow is increased. To increase air velocity, different ventilation systems such as tunnel ventilation and cross-ventilation with baffles and high-speed mixing fans are recommended. Barn ventilation cools cows by providing air exchange between the inside and outside. In hot weather, give as much air exchange as you can; usually between 60 and 90 air exchanges per hour. In all ventilation systems, it is important to ensure the fans are well maintained and the inlets are open to get the desired air velocity. When it comes to cooling with water, the use of sprinklers and misters pops up as the most common ways to help cows get rid of body heat. Some points to remember: For a cow to regulate body temperature, hydration during both times of heat stress and cold stress is of utmost importance. In situations where cows have access to outdoor space or grazing, it is important that the water supply is close to a proper shade and feed source as cows will try avoiding walking long distances to drink. It is recommended to add temporary water access points for cows as they leave the milking parlor. The following points are worth considering: Heat stress results in lower feed intake, meaning, for the animal to meet its nutritional requirements, the concentration of nutrients should be increased. Low-quality forages generate more heat by fermentation in the rumen; high-quality forages with high digestibility values are recommended to reduce heat production. To increase the energy density of the dairy cattle diet, using high-quality forages, and feeding more concentrates are recommended strategies even when the animal has a lower feed intake, but with close monitoring of the inclusion levels to avoid digestive disorders such as acidosis. There is a need to increase the amount of protein as heat stress results in a negative nitrogen balance. Essential amino acids such as methionine and lysine are recommended during heat stress conditions; methionine plays an important role in dairy cows by improving milk production and antioxidant capacity, whereas lysine is key to milk protein synthesis. In hot conditions, potassium is lost in sweat, bicarbonate through panting and sodium through urine, exposing cows to a higher risk of respiratory alkalosis. Therefore, supplementation of potassium and sodium during heat stress is recommended. Of the vitamins, niacin helps alleviate heat stress by increasing evaporative heat loss from the body and by reducing the effects of heat at the cell level; supplementation of niacin at 6 g/cow/day reduces skin temperature and increases milk yield. The supply of vitamins A, C, E, and selenium is highly recommended during hot days as they are protective against oxidative stress. In addition, supplementation with plant extracts such as Bupleurum extract (0.5 g/kg dry matter basis) benefits heat-stressed cows in several ways. Several studies show that increasing feeding frequency in dairy cattle reduces heat production as this promotes a uniform absorption rate of nutrients, spreading the total heat increment. A well-documented strategy is to feed cows at night till the early morning (8 pm to 6 am); this allows the heat of digestion to peak early before the day gets hot and allows the cow to dissipate some of the heat before the hotter parts of the day. Detecting the signs of heat stress in dairy cattle is the first aspect of any heat abatement strategy. Proper monitoring and recording of the conditions in the barn are next to detecting the signs of heat stress. Both management and nutritional strategies are crucial strategies that can be implored separately or combined to reduce heat stress’s negative effects. West JW, Mullinix BG, Bernard JK. 2003. Effects of hot, humid weather on milk temperature, dry matter intake, and milk yield of lactating dairy cows. J Dairy Sci. 86:232–242. Dairy Global. 2022. Nutrition as a tool to adapt to heat stress. https://www.dairyglobal.net/health-and-nutrition/nutrition/nutrition-as-a-tool-to-adapt-to-heat-stress/ National Research Council (NRC). 2001. Nutrient requirements of dairy cattle (7th ed.) Washington, DC: National Academy of Science. Nichols JR, Schingoephe DJ, Maiga HA, Brouk MJ, Piepenbrink MS. 1998. Evaluation of corn distillers grains and ruminally protected lysine and methionine for lactating dairy cows. J Dairy Sci. 81:482–491 Surai PF. 2006. Selenium in food and feed, selenomethionine and beyond. In: Surai PF, editor. Selenium in nutrition and health. Nottingham (UK): Nottingham University Press; p. 151–212. Higginbotham GE, Bath D, Butler LJ. 1993. Effect of feeding an Aspergillus oryzae extract on milk production and related responses in a commercial dairy herd. J Dairy Sci. 76:1484–1489. The University of Minnesota Extension. 2020. Heat stress in dairy cattle. https://extension.umn.edu/dairy-milking-cows/heat-stress-dairy-cattle#holding-area-cooling-2190364 South Dakota State University Extension. 2021. Combating Heat Stress in Lactating Dairy Cows. https://extension.sdstate.edu/combating-heat-stress-lactating-dairy-cows Lun Tana, Xianzhi Suna, Jingjing Lia, Qingfeng Wanga, Zhao Zhuoa, YuLia, Yanjing Sub, Caiyun Fan and Jianbo Cheng. 2023. Effects of bupleurum extract on the haematological, mineral, and hormonal profiles of heat-stressed dairy cows. https://doi.org/10.1080/1828051X.2022.2157763 In dairy cattle, heat stress occurs when the In dairy production, the focus is on dairy cows. Cows mainly generate heat during digestion and biosynthesis of milk and absorb solar heat when exposed to the sun. The effects of heat stress on dairy cows are such as mastitis. The physiological status is compromised through observed increases in respiration rate, body temperature, and sweating. Heat stress negatively affects cow welfare as cows tend to spend more time standing; dairy cows will reduce lying time to increase body surface area for heat dissipation. It is important to allow sprinklers to cycle on and off to allow time for water evaporation. Excessive sprinkling increases the risk of mastitis as it causes water to run down and wet the udder, creating suitable conditions for infections. For misters to be more effective, ventilation should not blow the mist out of the barn before the air cools. Increasing drinking space for each animal during hot conditions. Water troughs should be deep enough to allow cows to submerge their muzzle when drinking. Ensure water flows to the trough and water capacity is adequate to account for large quantities needed at once. Dairy Global. 2022. Nutrition as a tool to adapt to heat stress. https://www.dairyglobal.net/health-and-nutrition/nutrition/nutrition-as-a-tool-to-adapt-to-heat-stress/ The University of Minnesota Extension. 2020. Heat stress in dairy cattle. https://extension.umn.edu/dairy-milking-cows/heat-stress-dairy-cattle#holding-area-cooling-2190364 South Dakota State University Extension. 2021. Combating Heat Stress in Lactating Dairy Cows. https://extension.sdstate.edu/combating-heat-stress-lactating-dairy-cows Lun Tana, Xianzhi Suna, Jingjing Lia, Qingfeng Wanga, Zhao Zhuoa, YuLia, Yanjing Sub, Caiyun Fan and Jianbo Cheng. 2023. Effects of bupleurum extract on the haematological, mineral, and hormonal profiles of heat-stressed dairy cows. https://doi.org/10.1080/1828051X.2022.2157763 cattle heat-stress"
https://wikifarmer.com/how-to-control-salmonella-in-poultry/,10/19/2023 20:04,Error: can only join an iterable
https://wikifarmer.com/category/cattle/pests-and-diseases-in-cattle/,10/19/2023 20:04,Pests and Diseases in Cattle SIGN UP WITH GOOGLE SIGN UP WITH FACEBOOK
https://wikifarmer.com/how-to-raise-chickens/,10/19/2023 20:04,Error: can only join an iterable
https://wikifarmer.com/pests-in-cattle-livestock-external-parasites/,10/19/2023 20:04,Error: can only join an iterable
https://wikifarmer.com/category/cattle/,10/19/2023 20:04,"Cattle – Cows How to reduce heat stress in dairy cattle Feed-related Diseases or Physiological Problems in Cattle Mastitis in Cattle – Causes, Symptoms and Management Serious Cattle Diseases caused by Pathogenes Pests in Cattle- Internal Parasites Pests in Cattle – External Parasites Abatement of heat stress in dairy cattle In dairy cattle, heat stress occurs when the animal generates and absorbs more heat than it can get rid of through the normal […] What are the feed-related diseases in cattle? Bloat In Cattle There are two types of bloat – gassy bloat and frothy bloat, with the latter being the most common type. […] The occurrence of mastitis indicates some failure in milking management Major causes of mastitis are: Application of the wrong milking techniques Neglecting hygienic measures like not having washed the hands […] Some serious livestock diseases are found in some geographical locations and have been known to result in catastrophic livestock losses. These diseases have been termed as notifiable diseases, and livestock […] Livestock production practices, when intensified, create a conducive environment for the multiplication of different pests that reduce animal productivity through competition for food, especially blood feeders, while others act as […]"
https://wikifarmer.com/natural-pollination-in-greenhouse-crops-using-bumblebees-and-other-beneficial-insects/,10/19/2023 20:04,"Optimal conditions for natural pollination Practical advice: How to place a bumblebee hive in the greenhouse Compatibility with plant protection products Other beneficial pollinators This post is also available in: Español (Spanish) Français (French) العربية (Arabic) Ελληνικά (Greek) Bumblebees are used to pollinate greenhouse crops since the late 80s. Until today they remain a very reliable source of pollination, especially in tomato crops. Before the development of commercial products with bumblebees, fruit formation was based on the use of synthetic auxins such as 2,4-D. Thus, bumblebees contribute to the reduction of chemical residues in fruits. Picture 1 Bumblebee visit to tomato flower Picture 2 Flower bruise after bumblebee pollination The term “bumblebee” refers to the insects of the genus Bombus under the Hymenoptera Class. Bombus terrestris is the most common species used in greenhouses. Pollination is achieved by the strong thoracic vibrations produced by the bumblebee, which are transmitted through its legs to the flowers (Picture 1). After a flower visit, the bumblebee leaves a mark on the flower which resembles a bruise (Picture 2) and is a sign of successful pollination.Picture 1 Bumblebee visit to tomato flowerPicture 2 Flower bruise after bumblebee pollination Picture 3. Parts of a commercial bumblebee hive for use in greenhouse crops. Source: Bioline Agrosciences A commercial hive consists of the queen, workers and brood. To cover their energy needs, they are supplied with sugar water (picture 3). Workers are in need to feed the young brood and they look for pollen, therefore they pollinate crop flowers. The emergence of brood from the cells will increase the population of pollinators and subsequently a larger portion of flowers will be visited. The travel distance of workers is quite high and can reach up to 3 km away from the hive. In practice, a single hive is used to cover a 2000m2 greenhouse area.Picture 3. Parts of a commercial bumblebee hive for use in greenhouse crops. Source: Bioline Agrosciences Many biotic and abiotic factors can influence the quality of pollination in greenhouse crops. Plant fitness and vigor are of high importance to achieve good pollination. For instance, when many lateral shoots are left to grow on the crop, then there will be a period of time with a large number of open flowers. In this case, if the existing number of hives is not sufficient to assure flower fertilization, then it is recommended to add an additional hive(s) into the greenhouse. The amount of water given to the plants (irrigation) can affect the quality of the pollen and hence the development of the hive itself. Water stress can cause bad pollen resulting in unattractive flowers for the bumblebees. Environmental conditions such as temperature, humidity, and radiation play the most critical role in optimal pollination. Generally, a temperature (T) and relative humidity (RH) range between 23-28 oC and 60-75% respectively is considered an excellent combination for pollination. Temperatures above 30oC cause bumblebees to stay inside the hive and spend more time on temperature regulation instead of foraging. In cases of high temperatures, it is advisable to take protective measures such as the use of cooling and shading systems. Regarding relative humidity, values outside the optimal range can cause either too dry (low RH) or sticky pollen (high RH) making it less attractive to bumblebees and not suitable for the flower stigma. Obviously biotic and abiotic factors do not act independently, as harsh environmental conditions reduce the strength of the plant and promote the vegetative stage instead of the flowering and fruit setting. It is good to keep in mind that these guidelines are indicative and the influence of these conditions can vary a lot among different cultivated varieties. Farmers often spray their crops against various pests and diseases with substances that may be toxic to pollinators. Bumblebee hive producers provide comprehensive lists and databases regarding the compatibility of Plant Protection Products (PPP) with bumblebees. Newly developed active ingredients tend to be friendlier with bumblebees and require the closure of the hive only for a few hours after the application. In case the farmer detects a significant disturbance in the behavior of the pollinators or the size of their population, he/she must consider changing the product used and if needed, replacing the hive(s) affected. Hoverflies are insects that feed on a variety of sources. Adults are often found in flowers feeding with pollen and nectar (Picture 4) while larvae can either feed on organic matter or on other insects as predators. Recently, two species (now commercially available) which are used to treat aphid infestations, found to significantly increase fruit set and fruit weight in sweet pepper plants under greenhouse conditions. In other words, the same organism is able to provide biocontrol and pollination services at the same time with a great benefit to the farmer. Picture 4. Hoverfly Sphaerophoria contigua feeding on a flower. Source: Encyclopedia of life Godfrey Dol and Remco Huvermann, Plant Pollinator Interaction in High Temperatures. Whitepaper version 1.0 June 30, 2020 Kraus, F. B., S. Wolf, and R. F. Moritz. 2009. Male flight distance and population substructure in the bumblebee Bombus terrestris. J Anim Ecol 78:247-252. Morandin, L., T. Laverty, and P. Kevan. 2001. Bumblebee (Hymenoptera: Apidae) activity and pollination levels in commercial tomato greenhouses. Journal of economic entomology 94:462-467. Pekas, A., I. De Craecker, S. Boonen, F. L. Wäckers, and R. Moerkens. 2020. One stone; two birds: concurrent pest control and pollination services provided by aphidophagous hoverflies. Biological Control 149. Velthuis, H. H. W., and A. van Doorn. 2006. A century of advances in bumblebee domestication and the economic and environmental aspects of its commercialization for pollination. Apidologie 37:421-451. beneficial insects bumblebees Pollination in greenhouse crops"
https://wikifarmer.com/beekeeping-for-beginners/,10/19/2023 20:04,"Beekeeping Basics – Introduction to Beekeeping Beekeeping is an exciting world in which we connect with nature while producing top quality honey and other natural products for home or commercial use. As with any other crop or livestock activity, the first year of involvement is introductory and one can make the necessary first steps, trial and error as well as projections for a bigger investment (in time and money) for the second year to come. Please note that in some countries, you must first obtain a state approval, take preparation courses and/or get a formal license before starting a beekeeping establishment. Please also note that a bee sting can be lethal for people that are allergic to bee stings. Exercise at your own risk. Apart from producing honey and other products (royal jelly, propolis, wax etc.) bees are also important for the pollination of plants, as they transfer pollen from male parts of a flower to the female parts of a flower of the same species, something that is necessary for the reproduction of many plants (vegetables, nuts, seeds, forage etc.). Farmers often place beehives near their fields (especially cotton, tomato, pepper, almond fields etc.) with the sole purpose of crop pollination, as bees account for at least 80% of all pollinator insects."
https://wikifarmer.com/beehive-and-equipment-supply/,10/19/2023 20:04,"Beehive and Equipment Supply How to choose Beehive – What does a beekeeper need We start beekeeping with the purchase of our first beehives. 2-4 beehives are enough for the first year, in order to test our strength and commitment. Next year we can double or even multiply our beehives. It is better to buy the hives during the spring, in order to see the entire bee development cycle until the autumn, and to prepare properly for the wintering. We should only buy hives with a valid health certificate from a reputable seller (the specifications and the legal framework vary across countries). We choose healthy beehives with a population of at least 4-5 frames. They must necessarily have brood and a young thriving queen. Queens generally stop laying eggs at a good rate when they reach the third year of their life. Most new beekeepers prefer to start their beekeeping journey by purchasing a “nuc”. A nuc (or nucleus) is a small community of bees, something like a strong colony but at 50% scale. Instead of having 8 or 10 frames, a nucleus colony often includes 4-5 frames, but it also includes brood, pollen, sealed and unsealed honey, enough workers and a young thriving queen, which the workers have well accepted and take orders. It is unlikely that the new beekeeper will manage to harvest honey during the first summer, but he/she can monitor closely the development of nucleus into a full strong colony, something that is highly enlightening and educational. A nuc can cost from 120 to 250$. As far as the beekeeping equipment is concerned, we do not need to spend a lot of money in the first introductory year. On the other hand, when using someone else’s equipment, we run the risk of infection from various diseases. Apart from the beehives, we need appropriate work clothes, special mask and gloves to protect ourselves from stings, a simple scraper, a bee smoker (this is used to calm the bees and may not be allowed in some countries), a brush and a tool kit (hammer, assorted nails, screwdriver, angle screws, knife, pliers, wire, cell clips, cell handles). We will also need a space to do the harvest, storage, maintenance and repair of cells. A small room with good ventilation is all we need, as long as we keep it clean. Finally, we may need wire, pins, an electric knife for removing the bee wax, a burner (disinfects the frames of the hive and floors), and shallow plastic plates to feed the colony. If we are certain that we want to exercise beekeeping professionally, we will need a vehicle for the transportation of beehives (this is required by law for more than 25-30 beehives in many countries). You can enrich this article by leaving a comment or photo of your beekeeping equipment. 1.) Beekeeping for Beginners 3.) How Honey is made by Bees 4.) Beehive and Equipment Supply 5.) Beehive Location and Placement 6.) How to feed Bees 7.) Honey Bee Swarming 8.) Preparing Beehives for winter 9.) Harvesting Honey 10.) Common Bee Diseases & Pests 11.) Major Honeybee Pests 12.) Major Honey Bee Diseases 13.) Bee Poisoining from Pesticides 14.) Q&A on Bees 15.) Wholesale Honey Distributors Do you have experience in Beekeeping? Please share your experience, methods and practices in the comments below. All the content you add will be soon reviewed by our agronomists. Once approved, it will be added to Wikifarmer.com and it will influence positively thousands of new and experienced farmers across the world. beekeeping"
https://wikifarmer.com/how-to-grow-petunias-at-home-care-of-petunias/,10/19/2023 20:04,"How to Grow Petunias at Home – Care of Petunias How to take care of Petunias Start Petunias from Seeds Start petunias from cuttings Buy a petunia plant Petunia Climate Requirements Petunia Soil Requirements Petunias Water Requirements – Irrigation Of Petunias Petunia Fertilizer Requirements Deadheading. Petunia Pest If you are planning to grow petunias at home, here are some easy steps you can follow. One method is to start petunias from seeds. If you plan to follow this method, keep in mind that it is important to buy certified seeds and flower soil mix from a legitimate seller. You may plant your petunias seeds late in winter or early spring when extremely low temperatures and frosts have passed. Before you plant them in a pot or a hanging basket, make sure the pots have holes at the bottom. This step is crucial to protect seeds or young plants from rotting due to improper drainage. A common technique is to place some pumice, pearlite or gravel at the bottom of the pot and above them put the soil for better drainage and aeration. Straight on top of gravel comes the soil and then it’s time for the seeds. You may sow two or more seeds in each pot, depending on your preferences and of course the petunia type. Generally, keep in mind that grandifloras need extra space to expand. We can just leave the petunia seeds at the surface, without digging them into the soil. During the first stages of plant growth, the soil needs to be constantly wet but not soggy, so that the seeds can sprout. Be careful though, not to over- irrigate, in order to avoid rotting. Petunia seeds need light in order to germinate, so you can search for a sunny place. About 2-3 weeks after sowing, some baby plants will show up. The most commonly used method is to start your petunias from cuttings. In fact, this method is the quickest and the most affordable. You can effortlessly grow petunias from cuttings by following some simple steps. First and foremost, we may choose a beautiful healthy petunia to be our mother plant. We can cut a healthy young ( not woody) sprout with a length of 4 inches (10 centimeters). Then, we can remove any leaves at the bottom ⅔ of the cutting. Before you plant the cutting in soil, you have to help it root. To do so, a commonly used technique is to place the cutting first in a glass of water up to the plants half. Some days later, roots will normally appear. To boost rooting, you may consider the use of rooting hormones such as IAA, which of course is not essential. The next step is to plant the rooted cutting in a pot with flower soil mix and perlite or gravel for proper aeration. Many producers claim that sunlight is what makes petunias produce bright- colored flowers. This is why they place the cuttings in sunny areas. Furthermore, in order to help your plants produce beautiful flowers, a commonly used technique is to remove old flowers (deadheading). This way the plant has more nutrients to deliver to new ones. Finally, If you do not consider starting petunias from seeds or cuttings, but you still want to enjoy their amazing flowers, you may buy a petunia plant (almost 8 weeks old) from your local garden shop. At this stage, petunia plants are ready for transplanting. A common technique is to put some pumice, perlite or gravel at the bottom of the pot or hanging basket, for proper aeration followed by the soil. Again, it is crucial to be sure your pot has holes at the bottom. You can put soil up to ¾ of the pot, and plant the petunia without removing the existing soil from the pot you bought it in. You can fill with soil up to the top of the pot and gently press it. Irrigation needs range from 1 to 5 irrigation sessions per week, depending on the variety and the weather conditions. In general, the soil has to be constantly moist but not over irrigated. Petunia has high needs in daily sun exposure in order to develop properly (6-8 hours daily). Shadow is generally causing plants to bloom less. The flowers that manage to grow under sun scarcity are of lower quality. In most cases, the plant prefers warm and moderate dry climates and sunny summers. Rain can harm petunias delicate flowers. The plant prefers average temperatures of 65-75 °F (17-23 °C). Petunia originated from South America where the average temperatures are 59-86 °F (15-30 °C) during the summer and rarely falls below 32 °F (0°C) in winter. The plant can, however, tolerate temperatures up to 95 °F ( 35 °C) and close to 32 °F (0 °C). In general, soil type is not a restriction factor when growing petunias. The plants can develop well in the average soil. They prefer light, well-drained soil, slightly acid (6-7) pH levels. Some professional growers claim that they grow petunias in soil pH 5,5 to 6 so that the plants can have intense bright flowers. Similar to other plants, petunias do not like either dry or extra wet soil. Instead, they prefer slightly moist soil at all times. A wise technique to understand whether petunias need irrigation is to simply touch the soil. You may try to form a ‘soil ball’ with your hand. If the soil can not be formed and crumbs, then it is time to irrigate. Generally, most growers irrigate their petunias 1 to 3 times per week. However, keep in mind that if you consider to start your petunias from seeds, you may need to provide extra water, in order to help the seeds sprout. Most growers help their garden petunias grow faster by adding balanced liquid fertilizer of Nitrogen- Phosphorus- Potassium (10-10-10 12-12-12 or 15-15-15) once a month. Some growers, however, prefer slow-release (4 months) granular fertilizers especially designed for petunias. A common technique that many petunia gardeners use in order to enjoy petunia flowers at all times is called deadheading. With deadheading, we simply refer to the pruning of the mature flowers or the green pots containing seeds during the petunia growing period. If we don’t deadhead those mature flowers or the green pots that are often located behind the flowers, the plant will start dedicating most of its energy in order to produce seeds, and hence it will stop flowering. This simple technique will expand the petunias blooming period, while -at the same time -will lead to bigger and brighter flowers. Common Petunia Problems Caterpillars are easily observed with the naked eye. They can live from 2 up to 6 weeks and start to attack petunias in early spring. They can damage foliage by chewing it. Mites are tiny pests that look like microscopic spiders. In spring, adults mites visit petunia leaves and suck chlorophyll from their shells. Symptoms of mites infection include unthrifty plants with curled and discolored foliage. Some producers use oils as prevention and repression measures. You may consult your local licensed agronomist. florists"
https://wikifarmer.com/petunia-plant-information/,10/19/2023 20:04,"Petunia Plant Information Petunia (Petunia x hybrida) is a member of the Solanaceae family (the family of tomato, potato, daturas, and many other species). Although some petunias, in general, can be perennial, the hybrids that are produced and commonly sold nowadays are mostly annual plants. Petunia is a famous flower due to its beautiful multi-colored trumpet-shaped flowers. Its foliage is hairy and branching. The plant prefers sunny areas to grow. This is why it is so famous in the United States and all the Mediterranean countries. Its blooming lasts from spring to autumn and its flowers are of the most commonly recognizable flowers all over the world. We can find petunias in many different types, heights, and colors, depending on the variety of the plant. For instance, single or double blooming petunias, single colored, linear or splashing color figures. Among the wide color variety, we can see red, white, pink, purple, light blue, yellow and almost all existing colors. Black colored petunia petals are something worth seeing! The reason there is such a wide diversity in petunias is that throughout the years, scientists have developed various methods, such as virus infections, that cause color chimera on petals. By utilizing those methods, almost every producer creates practically his/her combination of colors. Some of the most famous species are Petunia grandiflora, Petunia milliflora and Petunia multiflora. Whichever type you choose, make sure you will place your plants in sunny areas. Exposure to direct sunlight will make the colors of the flowers look very intense and bright. flortists petunia"
https://wikifarmer.com/rose-care-all-you-need-to-know/,10/19/2023 20:04,"Rose Care: All you need to know Roses Gardening for Beginners – The Complete Guide How to grow a Roses At Home Roses Location, Soil Requirements and Preparation Rose Propagation: Grafted and Own root Roses Roses Planting – How to plant Roses How to Prune Roses Roses Water Requirements– How to Ιrrigate Roses Roses Fertilizer Requirements Harvesting Roses Most important Roses Pests and Diseases Roses are classified between the most popular and widely cultivated ornamentals. We find them almost everywhere, from balconies and backyard to the most famous royal gardens of the world. Rose is a perennial deciduous plant (it loses its leaves seasonally), of the genus Rosa, and is a member of the Rosaceae family. The genus Rosa includes hundreds of species and thousands of cultivars, each of which has different characteristics. Thus, we can find bushy, climbing or trail varieties, dwarf varieties, varieties grown for their wood, their flowers, their fruits, or their essential oil. The stem of the plant is woody and covered in thorns. These thorns are actually pickles outgrowths. The leaves of the plant are alternate. The flower colors are in the pink-red palette, although nowadays, we find domesticated cultivars in various colorations such as white, yellow, pink, red, and even black. Roses are mainly cultivated for their flowers. However, some varieties are also cultivated for their wood, which is of excellent quality and is often used in car interiors and even in the gun industry. The flowers of the plant are used as ornamentals but have other uses too. The petals of the flower contain a very qualitative essential oil, which is mainly used in the cosmetics industry. Furthermore, the petals of some cultivars are used for the production of sweets and marmalades. There is nothing more beautiful than a garden or balcony full of colorful flowers. Roses are a great choice for backyard gardening. They are easy to grow, very adaptive plants, and produce some of the most beautiful flowers in the Plantae kingdom. However, growing plants in your backyard have some risks, do’s and dont’s, and there are some things you certainly need to avoid. Key Summary Points: Most Rose growers start the cultivation from 1 or 2-year-old cuttings. A few days before planting, they prepare the field. They till the land, they remove any previous remains and weeds. They can also integrate the basal fertilization combined with well-digested manure into the soil. In case they decide to plant many roses, they also design and construct the irrigation system. When they are ready for planting, they dig holes at 30-40cm (11.8-15.7 in) depth and plant the young roses. As far as the location is concerned, you have to select a sunny spot in your garden. Roses can only produce beautiful flowers in places with many hours of access to direct sunlight. As far as their soil requirements are concerned, roses prefer deep, loamy, but well-drained soils in order to thrive. As an optimum soil pH level, it is well known that roses prefer slightly acidic soil (pH from 5.5 to 7). Before planting roses, the soil has to be plowed. Tillage aims at the destruction of perennial weeds and soil fluffing, which is necessary for the development of the root system. A few days before planting, many gardeners apply a pre-planting fertilizer such as well-rotted manure, either to the entire field or only in the planting areas. They do this in order to increase soil fertility and improve soil texture. Roses are mainly propagated by hardwood plain or grafted cuttings. Grafting is a commonly used technique by which we join together parts from two different plants so that they will grow as a single plant. The upper part of the first plant is called scion and grows on the root system of the second plant, which is called rootstock. Eventually, we have a plant that combines all the advantages of its different components. The most commonly used rootstocks nowadays are wild roses species. In many cases, grafted roses are more sensitive to cold compared to own-root roses. You may consult your local nursery and discuss which choice is better for the climate of your area. However, roses can be propagated through other methods as well. Seeds are only preferred in laboratories. Offshoots and runners are also used but on a smaller scale. By the time of planting, producers dig holes on the average depth of 30-40 cm (11.8-15.7 in) and plant the young seedlings. Prior to planting, in many cases, producers trim the roots of the cuttings and remove any shoots that have been possibly emerged on the scion. The seedlings are planted in such a depth, so as the grafted area will be 4-5 cm (1.5-2.3 inches) above the soil surface. When adding the soil, we have to press it gently, until the complete filling of the pits, so as to avoid any damage to the young and sensitive root system. Some producers also baptize the roots in fungicide prior to planting (ask a local licensed agronomist in your area). Pruning is one of the most important factors for growing healthy roses that will produce many flowers for the coming years. Pruning promotes blooming, strengthens the plants, and prevents disease outbreaks. If the roses remain unpruned for one year or more, they will develop very thick woody stems, and they will reduce the production of the flowers significantly. Prunings of young Roses begin early from the first year of the plant’s establishment. Producers perform headings on young roses at 45-60 cm height so as to promote peripheral shoot development, which eventually leads to a bush development. From the first summer after planting onwards, producers start to remove any produced flower as well as weak shoots, so as to promote the upcoming fall production. From the second year onwards, a light pruning is performed by the same time with harvesting. During this time, producers remove the shoots under the first flower by cutting them above the first leaf from the ground. Every 2-3 years, producers may perform a heavy pruning by removing old, broken, weak, or diseased branches and suckers so as to strengthen the plant. Thinning is an important technique according to which, gardeners manually remove small, immature non-uniformed, or defective flowers from the plant. In this way, we encourage the plant to transfer its nutrients to less but more qualitative flowers. Irrigation is one of the most important operations and is critical for the success of rose cultivation. Roses need water so as to produce a great number of thriving flowers. The rose plant has greater water needs during the blooming stage, which occurs from summer to autumn. In large commercial rose gardens, drip irrigation systems are often used. With these systems, a farmer can monitor the exact soil moisture each day and apply the efficient fertigation, i.e., injection of fertilizers through the irrigation system accordingly. Water requirements can be totally different under different conditions. Different varieties may also have different water requirements. We know from theory that rose needs all three basic elements (N-P-K), so as to develop strong roots, foliage, and thriving flowers. Thus, in many cases, a balanced fertilizer of N-P-K 10-10-10 is used. Be careful not to mix nitrogen fertilizers inside the planting hole during planting, or you will burn the roots of your young rose. Many backyards gardeners use slow-release fertilizers (4-6 months), that are often applied during spring. Other gardeners place 4-5 banana peels inside a mixer and chop them. Then, they add water and they create a homemade liquid fertilizer mix that will provide Potassium to the young plant. However, these are just common practices that should not be followed without doing your own research. Every field is different and has different needs. Checking the soil nutrients and pH is vital before applying any fertilization method. Leaf analysis can also be very important in order to diagnose and correct nutrient deficiencies. The right time for Rose harvesting depends mainly on their variety. In most cases, flowers are harvested early when they are still buds; however, in some varieties, gardeners wait until they have started to unfold. Harvesting is done early in the morning or late evening, manually using special scissors, through which they cut the flowering stem right above the first leaf measuring from the flowering stem emerged point. In case they wait until the flowers open, they remove the entire flowering stem from its emerged point. Unfortunately, roses can suffer from various fungal diseases and various pests. Aphids appear mainly during spring, on young shoots and leaves and feed on them causing chlorotic spots. Once the plant has been attacked, management is more difficult. Due to the fact that pests develop immunity against pesticides easily, the best method to control them is through biological management. Chemical treatment is used only if the problem is severe and always under supervision from a local licensed agronomist. This mite is the most common enemy of roses. The pest lives mainly on the undersides of leaves, where it gets fed by sucking out the juices of the plant. Once our roses have been attacked, we will notice symptoms including yellow, dry, burned resembling leaves on the plant. Once the crop has been attacked, management is more difficult. Due to the fact that pests develop immunity against pesticides, the best method to control them is through biological management. Chemical treatment is used only if the problem is severe and always under supervision from a local licensed agronomist. Black spot Black spot is caused by the fungus Diplocarpon rosae and is one of the most common diseases of roses. Symptoms of the disease include irregular black spots on leaves and young stems. Gradually the infected leaves turn yellow and drop. Without proper foliage, the plant is incapable of photosynthesis and dies. Disease control begins with proper precautionary measures. These include weed control and safe distances between plants, proper drainage, and avoidance of foliar irrigation. Mummified fruits should be removed from the field. The general condition of the plants can also boost their immunity. Chemical treatment (copper-based fungicides) is used only if the problem is severe and always under supervision from a local licensed agronomist. It is also crucial to use proper sanitation, such as tools disinfection every time we come in contact with the plants. Powdery mildew The disease is caused by the fungus Sphaerotheca pannosa var. rosae. On affected plants, we observe chlorotic spots on leaves, stems, and ﬂower buds. Disease control begins with proper precautionary measures. These include weed control and safe distances between plants, proper drainage, and avoidance of foliar irrigation. Mummified fruits should be removed from the field. The general condition of the plants (nutrients and water level, sun exposure) can also boost their immunity. Chemical treatment is used only if the problem is severe and always under supervision from a local licensed agronomist. It is also crucial to use proper sanitation, such as tools disinfection every time we come in contact with the plants. Many backyard gardeners use baking soda along with liquid soap and water in order to control Powdery mildew on plants. Unfortunately, the baking soda mix is only effective as a precautionary measure. It offers minimal benefits to already infected plants. Downy mildew The disease is caused by the fungus Peronospora sparsa, which causes characteristic angular and chlorotic spots on the leaves. Under optimum humid conditions, grey growths of the fungus usually appear on the underside of the foliage. The leaves turn yellow. Disease control begins with proper precautionary measures. These include weed control and safe distances between plants, proper drainage, and avoidance of foliar irrigation. Mummified fruits should be removed from the field. The general condition of the plants can also boost their immunity. Chemical treatment is used only if the problem is severe and always under supervision from a local licensed agronomist. Infected leaves and tissues must be removed immediately. It is also crucial to use proper sanitation, such as tools disinfection every time we come in contact with the plants. Many backyard gardeners use baking soda along with liquid soap and water in order to control Downey mildew on plants. Unfortunately, the baking soda mix is only effective as a precautionary measure. It offers minimal benefits to already infected plants. Roses are classified between the most popular and widely cultivated ornamentals. We find them almost everywhere, from balconies and backyard to the most famous royal gardens of the world. Rose is a perennial deciduous plant (it loses its leaves seasonally), of the genus Rosa Rosaceae family. The genus includes hundreds of species and thousands of cultivars, each of which has different characteristics. Thus, we can find bushy, climbing or trail varieties, dwarf varieties, varieties grown for their wood, their flowers, their fruits, or their essential oil. Older rose varieties can live 40-50 years or more, but contemporaries varieties that are sold on nurseries often live 10-12 years. The best method to start your roses is to buy a young plant from a legitimate nursery (either bare root or in a container). Growing roses from seeds is not recommended. In case you buy a bare root seedling, you may have to soak it overnight before planting, according to the producer’s specifications. Before planting the young rose at your backyard, the soil has to be plowed so as to remove any weeds and get the soil ready to welcome the new plant. In many areas, you can plant your rose seedlings all year round, but it makes sense to plant it from late autumn to early spring so that you will see your rose blooming during late summer. You have to dig a big hole and gently place the young plant together with the soil ball, at the same depth as it was at the nursery. In case you want to plant roses in a pot, you may have to avoid plastic ones and prefer a clay or cement pot. Keep in mind that you may have to replant your rose in a new bigger pot every 2 years. You can consider buying a special enriched soil mix for roses from a legitimate seller. You can mix the soil with perlite for optimum aeration and drainage. If you have chosen trellis or climbing roses, a support system such as a pergola is necessary. Roses need water in order to produce beautiful flowers. Consider to irrigate them regularly, especially during summer, where irrigation is needed at least once or twice a week in most cases. As far as the fertilization method is concerned, you may need manure or compost one to two times per year. You can also choose a balanced fertilizer (N-P-K 10-10-10) or a slow-release fertilizer (4 months) that is often applied during early spring. Roses need pruning. Otherwise, they will turn enormous, woody and prone to diseases. You will have to remove weak, diseased, or older shoots every year. In fact, training and pruning are really important because, apart from maintaining the optimum shape of the plants, they also improve the plants’ general health, due to better aeration and sun penetration. In most cases, pruning takes place during early spring, after the last frost. However, you may need to perform slight pruning operations during spring, summer and fall (especially for the climbing roses). In case you want to harvest a flower, the method to do it is via scissors at a 45 angle. You can cut the flowering stem right above its last leaf so that the plant will be able to produce another flower soon. Rose care can be a little dangerous due to their thorns. Since you have decided to grow roses in your garden, you may consider buying special gloves that will protect you during routine operations. Black spot is caused by the fungus Diplocarpon rosae The disease is caused by the fungus Sphaerotheca pannosa var. rosae Peronospora sparsa"
https://wikifarmer.com/how-to-grow-zinnia/,10/19/2023 20:04,"How to grow Zinnia How to grow Zinnia from Seed How to transplant Zinnias seedlings. Pinching and Deadheading Irrigation of Zinnia – Watering Harvest – Storage of Zinnia seed Pests in Zinnia Plants Diseases of Zinnia Plants Zinnia is a very resilient and adaptable plant. It is one of the easiest ways to give color to our garden. Zinnia flowers come in a wide range of types and cultivars. They grow best in a moist, fertile, well-drained soil in full sun. In general, the plants prefer temperatures from 23°C to 29°C (74 to 84 degrees °F). They prefer long and warm summers, while they dislike sudden weather changes and cold drafts. The soil pH shall be between 5.5 and 7.5. If you add compost in the soil, the flowers will grow faster. You can seek advice from a licensed agronomist after conducting a soil analysis. For commercial uses, Zinnias are mostly propagated by seed (sexual propagation). Zinnias are generally very easy to start from seed. We can sow Zinnia seeds at the surface and then add just a small layer of soil so that the seeds are not directly exposed to sunlight. We can sow them, as soon as the soil is warm enough and there is no chance of frost. In many cases, you will already see some small Zinnia seedlings in just 10 – 14 days (depending on the variety), with flowers blooming in just a few more weeks. We can also grow Zinnias indoors, by seeding about 4 – 6 weeks before our last frost date. If you want to transplant the plants from seedling trays, keep in mind that the soil needs to be warm enough, with a soil temperature of 21-26°C (70-80°F). We shall not transplant too early in the spring, nor too late, otherwise plants will suffer. The flowering or blooming season of Zinnia plant begins from late spring and ends at autumn (before the first frost). Zinnia plants grow fast and will normally bloom six to eight weeks after they are seeded. It is better to choose a sunny spot in our garden. Zinnias prefer to grow in large containers. You can choose a pot of at least 30cm (12 inches) for better results. Tall varieties, like State Fair, need the largest pots. If we simply want to make the plant look bushier and have more flowers, we can just pinch some stems and throw away the cutting. This technique is called pinching. The more we pinch, the more zinnia will grow back and regenerate. We may prune the stem over the first true leaves so that the plant does not waste its energy into producing new plant material that we are going to cut off. We can pinch off the stem with a special scissors. The purpose of every plant is to produce seeds and thus reproduce. Zinnia plant is genetically set to produce seeds at a certain stage of its biological cycle. However, if we let zinnia flowers produce seeds, the plants will devote all of their energy in the seed setting procedure, and thus they will stop flowering. Consequently, if we want to extend the plants’ blooming period, we will have to remove every plant part that contains immature seeds. This procedure is called deadheading, and most gardeners perform these two procedures (pinching and deadheading) at one session. Most Zinnia plants come from Equatorial regions and this is why some varieties are more drought tolerant. Regardless of how well they can do in dry soil conditions, they can always benefit and produce even more flowers if supplemental water is provided. As a general rule, we can water Zinnia flowers 2-3 times a week, as soon as we notice that the soil is completely dry. Moreover, we shall irrigate Zinnias at the soil surface and not on their leaves. In this way, we keep the foliage dry and we reduce the risk of disease spread. Most gardeners irrigate their zinnias early in the morning. If we water them during the evening, the foliage will stay wet and will be more vulnerable to fungal infections. After the Zinnias have reached a height of 6-8 inches (15-20cm), we can add 3inch (8cm) of mulch around them, so as to control water evaporation. Mulch also helps in preserving soil moisture and blocks the unwanted weeds that compete with Zinnias for water, sunlight, and nutrients. Zinnia seed production will result in a rapid decrease of flowering. However, if we indeed want to collect Zinnia seeds, we can do it very easily. First, we have to stop deadheading the plant, in order to allow the flower produce seeds. Then, we may use paper bags (so that they absorb moisture) to collect the seeds. Simply, we may clip the flowers and gently rub them between our fingers, so that the seeds will fall in our paper bag. After we collect them, we can spread them in shallow cases or some paper indoors, for a couple of weeks, to allow them to dry out completely. Unfortunately, zinnias occasionally suffer from insects. The most common insects that can attack Zinnias are Aphids, Thrips, and Whiteflies. We can easily spot insects that have attacked our zinnias. Just shake the plant and you will see a swarm of insects flying off. We can also check the underside of the leaf. If we see white spots or eggs, then Aphids or Whiteflies have probably attacked our plants. The best treatment in all cases is prevention. If that didn’t work, then you can make a homemade insecticide. We can add 35gr (1.2oz) of dish soap and 10gr (0.36oz) of alcohol in 1 liter (33.8oz) of water and mix it well. We can spray it in the morning wherever you see signs of Aphids, Thrips and Whiteflies. We may repeat every day for several days. Fungi infections in Zinnia plants are actually more common than insect invasions. The most common fungi infections in Zinnias are Powdery Mildew and Alternaria leaf spot. Powdery Mildew, as the name suggests, causes white Powdery Mildew on the surface of old or new foliage. The infected leaves drop earlier than the healthy ones. Alternaria leaf spot causes reddish, brown and purple spots on the foliage. The key to preserving the health and intense blooming of Zinnias is to build an unwelcoming environment for pests. Grow your Zinnia plants in the sun. Water regularly, but keep the soil well-drained to prevent insects from coming. Apply deadhead to Zinnias, in order to have healthy, vigorous and blooming plants. Remove any dead leaves or flowers. Also, remove any unwanted weeds that can attract various insects. If you have performed all these steps and your plants still suffer, you can seek advice from your local licensed agronomist. https://www.rhs.org.uk/Plants/199305/i-Zinnia-elegans-i-Dreamland-Red-(Dreamland-Series)/Details https://www.chicagobotanic.org/plantinfo/smart_gardener/zinnias_hardest_working_flower_summer_garden https://homeguides.sfgate.com/much-water-should-use-water-zinnias-75537.html http://hort.ufl.edu/floriculture/pdfs/crop_production/zinnia_ENHFL05-017.pdf https://ucanr.edu/sites/ucmgnapa/files/81929.pdf"
https://wikifarmer.com/zinnia-plant-information/,10/19/2023 20:04,"Zinnia Plant Information This post is also available in: Español (Spanish) Français (French) Deutsch (German) Nederlands (Dutch) हिन्दी (Hindi) العربية (Arabic) Türkçe (Turkish) 简体中文 (Chinese (Simplified)) Русский (Russian) Italiano (Italian) Ελληνικά (Greek) Português (Portuguese (Brazil)) Indonesia (Indonesian) 한국어 (Korean) Zinnias are one of the most colorful flowers that we can have in our garden. They grow quickly and they are pretty easy to grow everywhere. Zinnias are ideal plants for beginner gardeners, as they require minimal care. The botanical or scientific name of Zinnia is Zinnia sp. There are many different types of Zinnias, but the most common is Zinnia elegans. The majority of Zinnias are native to North America and some to Central America. Zinnia belongs to the Asteraceae family, also known as the daisy family. It is a bushy plant or sub-shrub with tolerance to low temperatures, but it cannot survive the frost. Each type has a slightly different leaf shape. They can be pointy like arrows, lance-shaped or narrow, rough or soft, depending on the species. The flowers come in all various kinds of colors and shapes as well. Some flowers resemble daisies, others remind us of cactus, while other zinnias flowers look like dahlias. The color range includes white, yellow, orange, red, rose, pink, purple, lilac and multicolored blooms. For example, Zinnia angustifolia has a small and orange flower, while Zinnia peruviana has red, purple or yellow petals. The height of zinnia plant also varies, depending on the variety, but it can range from 15cm to 1,0m (6 inches – 40 inches). 6 facts about Zinnia you probably didn’t know"
https://wikifarmer.com/flower-plants-that-grow-and-bloom-in-the-shade/,10/19/2023 20:04,"Find out the best plants to give color to the darkest places of your garden. Perennial flowering plants to grow in the shade Annual flowering plants to grow in the shade Which are the best annual plants to grow in partial shade with minimum care Deep shade Partial and dappled shade Light and Partial shade (3-6 hours of sunlight) Tuberous begonias (Begonia × tuberhybrida voss) Browallia (B. americana and B. viscosa) Lobelia Hardy geraniums Campanula Bellflowers Digitalis (Foxglove) Digitalis grandiflora and D. purpurea Astilbe (Astilbe chinensis) Hydrangea (Shrub) Camellia (C. sasanqua) (Shrub) This post is also available in: Français (French) हिन्दी (Hindi) Ελληνικά (Greek) Most plants flourish under the beneficial effect of ample sunlight and fill the open spaces of gardens and parks with vivid colors. However, tall trees and buildings shadow most of the area of modern, small city gardens and balconies. Thus, plant enthusiasts are looking for flowering plants capable of growing and blooming in such conditions. There are shade-loving plants that are more adaptive to different types of shade: Light shade? slight shade for most/all of the day Partial shade? direct sun exposure for a certain period (3-6 hours) during the day Dappled shade? the sunlight is “filtered” through other plants’ foliage Deep/Full shade? shade caused by the dense foliage of evergreens or buildings. The plants may receive up to 3 hours of direct light during the day. To enjoy your flowering plants for longer, consider the planting zone you are into when choosing them. These zones reflect, among others, the minimum winter temperature and, as a result, the chance of your plant surviving through winter. There are 13 planting zones, each covering a 10-degree Fahrenheit range. More specifically, zone 1 is the coldest (-60 to -50 °F or -51 to -45 °C), while zone 13 is the warmest (60-70 °F or 15-21 °C). If you know exactly which planting/hardiness zone you are in, you can choose plants that cope well with the local environmental conditions. Global plant hardiness/planting zones (de la Peña et al., 2019) Many species of hardy geraniums can survive and bloom in partial or even deep shade, below other taller shrubs, trees, or/and the shadow of buildings. More specifically, Geranium nodosum and G. phaeum (Lily Lovell) are ideal for growing in fully shaded places. Depending on the variety, these geraniums can be planted and survive through winter in areas of zones 4 to 8. The plants tolerate dry shade and prefer moderately fertile, well-drained soil with a mildly acidic to neutral pH (6.1-7.5). The flowers are small in size and have a trumpet shape and a violet/lilac-pink color, while the foliage is dark green and glossy. Due to the small final size of the plants (6-12 inches or 15-30 cm tall and with up to 12-16 inches or 30-40 cm spread), we can place 8-10 pieces per square meter (30-35 cm or 12-14 in. distance). Blooming takes place from spring to fall. The Campanula group includes hundreds of plants (perennials, biennials, and annuals) that flower during summer and early autumn. Bellflowers may grow successfully in zones 3 and 4 and partially in deep shade. A good candidate for the darker corners of your garden is the species Campanula persicifolia (or C. amabilis/C. subpyrenaica). These plants form rosettes (70 cm or 28 inches in height and 1 ft or 30 cm spread) with narrow, evergreen basal leaves of bright color, stiff stems, and bell or cup-shaped flowers from blue to white shades. Campanulas prefer fertile, moist, well-drained soils with neutral to alkalic pH. Both species number dozens of commercial varieties that can successfully withstand light to full shade and grow in planting zones 3-8. These biennial plants tolerate almost any soil but perform best in rich, moist soils. Waterlogged or excessively dry conditions should be avoided. More specifically, when the plants are grown in warm conditions, more protection from the sun and water is required. Depending on the variety, the plants can grow a rosette during the first year and produce a stem up to 1-2 m high during the second year. The beautiful Foxglove flowers can be observed during the second year and are bell-shaped with colors that range from white to pink and purple. Finally, except for the dense and beautiful flower spikes, most amateur growers choose Foxglove also due to the little care it needs during their life cycle. Moreover, thanks to the seeds spread by the parent plants, you do not have to resow (or replant) Digitalis. Perennial flowering plants to grow in deep shade Primrose (Primula vulgaris) and Cowslip (Primula veris) Due to the significant genetic variability of these short-lived flowering perennials, with more than 400 species, you can easily find the variety that fits your standard and needs (zones 3-9). The plants bloom from the center of the leaf rosette, from early spring through summer, and can fill your garden with beautiful small flowers (white, yellow, blue, orange) and pleasant aromas (P. veris). The early and rich bloom attracts pollinators like bees and other beneficial insects. These plants grow well in moist soils, under partial and dappled shade, and in garden beds and containers. The type of soil is never a limiting factor for their growth. Depending on the variety, primrose can grow 6-20 inches or 15-50 cm tall and a spread of 8 to 20 inches or 20-50 cm. We can use an all-purpose or natural fertilizer (e.g., compost) to boost their growth. Many plant lovers choose to grow Primula alongside Narcissus, Viola, and Anemone. Astilbe is a shade-loving plant with one of the most spectacular flowering (mid-summer). These clump-forming perennials produce tall pyramidal plums (feathery-looking flowers that each caries hundreds of tiny flowers) of bright pink-red color that are also used as cut flowers (fresh or dried in bouquets). The plants thrive in zones 3-8. Fertile, moist, but well-drained loamy soils are preferred. Astilbe is fast-growing and can become 18 inches or even 5 feet (46-150cm) tall, depending on the variety. Although the plants are relatively drought tolerant (when mature) and demand little maintenance, it is best to supply them with sufficient water throughout the growing season, especially when they are more exposed to sunlight. Other beautiful and resistant flowering plants that can thrive in partial and dappled shade are the: Clematis (climbing plant), Bleeding-heart or Dicentra (Grows in zones 3 to 9, flowers in early spring), and Foam Flower (growth in zones 4 to 9, flowers in spring to early summer) Perennial flowering plants for dappled and partial shade This level of shade has only a limited negative effect on the growth of the plants. As a result, many different species can be included in this category, like violet, pansy, calendula, hydrangea, snapdragons, star jasmine, grecian windflower, hakonechloa, heavenly bamboo, scarlet firethorn, bugleweed, camellia, rhododendron (alpenrose), nerium, ligularia, wishbone, etc. Bulb flowering plants like tulips, anemones, cyclamen and narcissus are also tolerant to part shade and can also be used. Hydrangeas are an all-time classic preference of many plant enthusiasts due to their large, rounded cluster of blue, pink, and white flowers that gives color to light-shaded, north-facing areas of gardens and balconies throughout summer and fall (zone 3 to 9). An exciting feature is that the flowers become blue in acidic soils and pink in more alkalic ones. While hydrangeas can grow in various soils, they prefer fertile, moist, well-drained soils. To assist their growth, we should water at least once a week (1 inch of water), especially in dry, hot conditions, and add compost or appropriate hydrangeas fertilizers 1-2 times annually (spring, summer). Finally, depending on the variety, the plants must be pruned. In gardens and pots, camellias are one of the loveliest fall flowers. The flowers are elegant, look like gardenias, and depending on the variety, they can be white, pink, or fuchsia-red. Camellias are more commonly grown in temperate climates (zones 6-9) and thrive in rich, slightly acidic, moist, but well-drained soils. Watering and soil moisture is most needed in the early stages and until plants’ establishment. As far as fertilization is concerned, you can choose a specialized fertilizer for camellias or flowering shrubs and apply it in late winter or early spring. Well-rotted manure, compost, or mulch also positively affect plants’ growth and preserve soil moisture. Finally, you are advised to prune your camellias in late fall or winter (after flowering). The severity and type of pruning needed depend on the plants’ general health, age, and appearance. Tip pruning generally encourages new, lateral growth, while you can shape your plants by applying harder pruning. Perennial flowering plants for partial and light shade The annuals (or annual-treated plants) have a special place in the house and public gardens. Gardeners and amateur growers choose these plants to add some color to the scenery as the season’s change or to fill empty spaces left by the shadow of larger (taller) perennial plants or buildings (partial shade). Remember that depending on your planting zone, you may need to treat some well-known perennials (like begonia and hydrangea) as annuals due to the low temperatures recorded during winter. Common Impatiens (busy Lizzy) and New Guinea impatiens (Impatiens walleriana and I. hawkeri) Impatiens is one of the most widely grown ornamentals globally, with new varieties and hybrids constantly being introduced in the market. Its beautiful flowers of various colors and the hardiness to grow in shady places are some of the most important reasons behind its success. Even in the most adverse conditions, this annual can thrive and usually outcompetes other (native) species, making it an invasive plant in many countries. You can plant it in garden beds or containers, and usually in groups to have dense and colorful banks- clusters. To find the most appropriate planting distances, consider that impatiens grow 1-3 feet or 30-90 cm (tall and wide). While it is more adapted in the climatic conditions of zones 10-11, where it grows as perennial, Impatiens can be planted in a bit colder regions as well (zone 9) and treated as annual. For better results, you can plant impatiens into slightly acidic, well-draining soils with sufficient moisture and organic matter, from sea level to 3,000 m altitude. In the cultivation zones, it can be sown in early spring when the temperature is close to 70-75 °F (20-24 °C) or planted as mature plants at the mid/end of spring. As the plant grows, we will need to irrigate to cover its water needs (800-2,500 mm annually). To boost the blooming of our plants, we can use a slow-release fertilizer twice a year (beginning of spring and mid-summer) or a water-soluble fertilizer every couple of weeks from spring through summer. To have many flowers, you are advised to avoid overwatering (or drought), overfertilization, and too much exposure of the plants to the sun. In gardens where downy mildew (phytopathogenic fungus) is a problem, you are advised to use the more resistant species, like I. hawkeri. Begonia numbers hundreds of species, and thanks to their large flowers’ various and vivid colors (whitish, orange, pink, red, salmon), they have become one of the most popular flowers to cover partially and dappled shaded places in zones 2-9. While Begonias, by nature, are perennials, in warmer climates (zones 10-11), in most areas are grown strictly as annuals. The plants can grow in garden beds or planters and hanging baskets. Despite their beauty, begonias are quite demanding plants making their care a bit challenging for amateur gardeners with limited experience. Most varieties need cool weather and humid summers in order to grow. These plants welcome partial shade from a neighbor plant, especially in warm regions. To grow successfully and have a rich bloom, begonias need loose, well-drained, and fertile soils with a pH of 6-7. You can often irrigate to keep the soil evenly moist, especially during the flowering period. However, you need to be careful not to overwater because the tubers may rot. Fertilization with all-purpose, slow-released fertilizers or compost should be performed every 4-7 weeks. Wax begonias generally require less care. In optimum conditions, the plants will bloom 4-5 months after planting (tuber) and can become 3 to 18 inches (7.6-45 cm) tall and wide, with flowers larger than 2 to 4 inches (5-10 cm) depending on the variety. Browallia species have earned their place in most home gardens worldwide. While these plants are adapted and can survive from planting zones 3 to 10, they will produce more flowers (violet-blue color) through the season in warmer areas. Whether it grows in garden beds, planter, or hanging baskets, browallia can thrive in sunny and partly shaded places with minimum care and when the temperature remains above 40 °F (4-5 °C). The plant grows best in rich, evenly moist, and well-draining soils and can reach 8 inches to 2 feet (20-60 cm) in height and 14-16 inches (35-40 cm) wide. We can propagate browallia by seed or by mature plants. In any case, some typical planting distances are 6-18 inches or 15-45 cm. If we wish to have a more bushy appearance, we can pinch the tips of the stems. Since the plants are not drought tolerant, you have to keep the soil moist through the year with frequent irrigation (every 3 days) during summer. Moreover, an all-purpose water soluble fertilizer with a limited amount of nitrogen can be used once every 2-3 weeks from the end of spring to early autumn. Despite all its advantages, we would not suggest its cultivation in areas where cats and dogs play since it is toxic when digested. In contrast to the tropical and warm-climate annual species mentioned above, lobelia thrives in cooler conditions. Some commonly used varieties are the L. cardinalis, L. erinus, L. puberula, L. siphilitica and L. spicata. Among its other desirable feature-characteristics, gardeners like lobelia plants because they attract and feed pollinators and hummingbirds. All the plants of the genus can grow well even in partial shade, while modern varieties are also relatively heat-tolerant. Depending on the variety, lobelia’s flowers may be white, red, pink, or blue and appear from spring through fall. At the same time, the plants can grow from 5 inches to 3 feet (13-90 cm) tall. Whether we choose to sow seeds or plant mature lobelia plants, it is best to know that the plants prefer moist, rich, slightly acidic soils. We can use a potting mix with organic matter when grown in containers. Moreover, lobelia stands nicely alone or can grow with other shade-tolerant plants like violas and pansies. Since it remains relatively small (12 in. or 30 cm tall and 24 in. or 60 cm wide), we can plant them close together (6 in. or 15 cm apart). To avoid manual resowing annually, most gardeners leave the plants to seed (no pruning or deadheading). As an alternative, we can propagate our plants with division. To keep lobelia plants healthy and blooming throughout the season, we can apply a continuous-release fertilizer for flowering plants or a water soluble fertilizer every 2-3 weeks. Additionally, frequent watering is needed, especially for potted plants, to keep the soil evenly moist. Other important shade-loving annuals (or annual-grown) are the: Fuchsia, Calendula, Alyssum, Moneyworth, Lysimachia. Annual flowering plants for shade de la Peña, Eduardo & Schrader, Gritta & Vos, Sybren. (2019). Pest survey card on Aromia bungii. EFSA Supporting Publications. 16. 10.2903/sp.efsa.2019.EN-1731. To enjoy your flowering plants for longer, consider the you are into when choosing them. These zones reflect, among others, the minimum winter temperature and, as a result, the chance of your plant surviving through winter. There are 13 planting zones, each covering a 10-degree Fahrenheit range. More specifically, zone 1 is the coldest (-60 to -50 °F or -51 to -45 °C ), while zone 13 is the warmest (60-70 °F or 15-21 °C ). If you know exactly which planting/hardiness zone you are in, you can choose plants that cope well with the local environmental conditions. Many species of hardy geraniums can survive and bloom in partial or even deep shade, below other taller shrubs, trees, or/and the shadow of buildings. More specifically, Geranium nodosum G. phaeum (Lily Lovell) are ideal for growing in fully shaded places. Depending on the variety, these geraniums can be planted and survive through winter in areas of zones 4 to 8. The plants tolerate dry shade and prefer moderately fertile, well-drained soil with a mildly acidic to neutral pH (6.1-7.5). The flowers are small in size and have a trumpet shape and a violet/lilac-pink color, while the foliage is dark green and glossy. Due to the small final size of the plants (6-12 inches or 15-30 cm tall and with up to 12-16 inches or 30-40 cm spread), we can place 8-10 pieces per square meter (30-35 cm or 12-14 in. distance). Blooming takes place from spring to fall. The Campanula group includes hundreds of plants (perennials, biennials, and annuals) that flower during summer and early autumn. Bellflowers may grow successfully in zones 3 and 4 and partially in deep shade. A good candidate for the darker corners of your garden is the species Campanula persicifolia (or C. amabilis/C. subpyrenaica) . These plants form rosettes (70 cm or 28 inches in height and 1 ft or 30 cm spread) with narrow, evergreen basal leaves of bright color, stiff stems, and bell or cup-shaped flowers from blue to white shades. Campanulas prefer fertile, moist, well-drained soils with neutral to alkalic pH. Due to the significant genetic variability of these short-lived flowering perennials, with more than 400 species, you can easily find the variety that fits your standard and needs (zones 3-9). The plants bloom from the center of the leaf rosette, from early spring through summer, and can fill your garden with beautiful small flowers (white, yellow, blue, orange) and pleasant aromas ( P. veris) . The early and rich bloom attracts pollinators like bees and other beneficial insects. These plants grow well in moist soils, under partial and dappled shade, and in garden beds and containers. The type of soil is never a limiting factor for their growth. Depending on the variety, primrose can grow 6-20 inches or 15-50 cm tall and a spread of 8 to 20 inches or 20-50 cm. We can use an all-purpose or natural fertilizer (e.g., compost) to boost their growth. Many plant lovers choose to grow Primula alongside Narcissus, Viola, and Anemone. Other beautiful and resistant flowering plants that can thrive in partial and dappled shade are the: (climbing plant), (Grows in zones 3 to 9, flowers in early spring), and (growth in zones 4 to 9, flowers in spring to early summer) (Shrub) Impatiens is one of the most widely grown ornamentals globally, with new varieties and hybrids constantly being introduced in the market. Its beautiful flowers of various colors and the hardiness to grow in shady places are some of the most important reasons behind its success. Even in the most adverse conditions, this annual can thrive and usually outcompetes other (native) species, making it an invasive plant in many countries. You can plant it in garden beds or containers, and usually in groups to have dense and colorful banks- clusters. To find the most appropriate planting distances, consider that impatiens grow 1-3 feet or 30-90 cm (tall and wide). While it is more adapted in the climatic conditions of zones 10-11, where it grows as perennial, Impatiens can be planted in a bit colder regions as well (zone 9) and treated as annual. For better results, you can plant impatiens into slightly acidic, well-draining soils with sufficient moisture and organic matter, from sea level to 3,000 m altitude. In the cultivation zones, it can be sown in early spring when the temperature is close to 70-75 °F (20-24 °C ) or planted as mature plants at the mid/end of spring. As the plant grows, we will need to irrigate to cover its water needs (800-2,500 mm annually). To boost the blooming of our plants, we can use a slow-release fertilizer twice a year (beginning of spring and mid-summer) or a water-soluble fertilizer every couple of weeks from spring through summer. To have many flowers, you are advised to avoid overwatering (or drought), overfertilization, and too much exposure of the plants to the sun. In gardens where downy mildew (phytopathogenic fungus) is a problem, you are advised to use the more resistant species, like I. hawkeri Browallia species have earned their place in most home gardens worldwide. While these plants are adapted and can survive from planting zones 3 to 10, they will produce more flowers (violet-blue color) through the season in warmer areas. Whether it grows in garden beds, planter, or hanging baskets, browallia can thrive in sunny and partly shaded places with minimum care and when the temperature remains above 40 °F (4-5 °C ). The plant grows best in rich, evenly moist, and well-draining soils and can reach 8 inches to 2 feet (20-60 cm) in height and 14-16 inches (35-40 cm) wide. We can propagate browallia by seed or by mature plants. In any case, some typical planting distances are 6-18 inches or 15-45 cm. If we wish to have a more bushy appearance, we can pinch the tips of the stems. Since the plants are not drought tolerant, you have to keep the soil moist through the year with frequent irrigation (every 3 days) during summer. Moreover, an all-purpose water soluble fertilizer with a limited amount of nitrogen can be used once every 2-3 weeks from the end of spring to early autumn. Despite all its advantages, we would not suggest its cultivation in areas where cats and dogs play since it is toxic when digested. In contrast to the tropical and warm-climate annual species mentioned above, lobelia thrives in cooler conditions. Some commonly used varieties are the L. cardinalis, L. erinus, L. puberula, L. siphilitica L. spicata. Among its other desirable feature-characteristics, gardeners like lobelia plants because they attract and feed pollinators and hummingbirds. All the plants of the genus can grow well even in partial shade, while modern varieties are also relatively heat-tolerant. Depending on the variety, lobelia’s flowers may be white, red, pink, or blue and appear from spring through fall. At the same time, the plants can grow from 5 inches to 3 feet (13-90 cm) tall. Whether we choose to sow seeds or plant mature lobelia plants, it is best to know that the plants prefer moist, rich, slightly acidic soils. We can use a potting mix with organic matter when grown in containers. Moreover, lobelia stands nicely alone or can grow with other shade-tolerant plants like violas and pansies. Since it remains relatively small (12 in. or 30 cm tall and 24 in. or 60 cm wide), we can plant them close together (6 in. or 15 cm apart). To avoid manual resowing annually, most gardeners leave the plants to seed (no pruning or deadheading). As an alternative, we can propagate our plants with division. To keep lobelia plants healthy and blooming throughout the season, we can apply a continuous-release fertilizer for flowering plants or a water soluble fertilizer every 2-3 weeks. Additionally, frequent watering is needed, especially for potted plants, to keep the soil evenly moist. https://www.rhs.org.uk/plants/for-places/shade-planting-annuals-bulbs-perennials https://extension.umn.edu/flowers/tuberous-begonias https://plants.ces.ncsu.edu/plants/impatiens-walleriana/ https://plants.ces.ncsu.edu/plants/browallia-viscosa/ https://www.rhs.org.uk/plants/130495/begonia-semperflorens-cultorum-group-(s)/details flowers ornamentals perrenial"
https://wikifarmer.com/how-to-care-for-pansies-in-the-garden-and-pots/,10/19/2023 20:04,"Which are the optimum conditions and places to grow pansies? How to grow pansies from seeds Choose and transplant pansies Care tips for pansies – How to keep your pansies fully boomed for longer This post is also available in: Français (French) Deutsch (German) हिन्दी (Hindi) Türkçe (Turkish) Ελληνικά (Greek) Português (Portuguese (Brazil)) From gardens and hanging baskets to cocktails and gourmet dishes, pansies (Viola x wittrockiana) bring color and have been declared as some of the most favorite winter flowering plants for many reasons. People appreciate pansies due to the great variety of colorful flowers they produce. Nowadays, there are hundreds (around 500) of pansies varieties, with the new hybrids offering even more options regarding the color, color combination, plant, and flower size. Their mostly bicolor, velvety petals have dozens of fantastic color combinations, from white to yellow, purple, blue, and red, with dark centers and yellow eyes. Pansies with yellow flowers are generally planted in gardens and parks, alone or mixed with purple ones, because they stand out from a distance. Pansies are perennial plants but are usually treated as annuals or biennials. Some popular pansy varieties are the Garden pansies (Viola x wittrockiana), the Johnny-jump-ups or heartsease (Viola tricolor), the Field pansies (Viola bicolor), and the Tufted pansies (Viola cornuta). Except for the amazing flowers they produce, pansies are one of the gardeners’ top choices to grow during winter, thanks to their ability to survive and bloom even in low temperatures. More specifically, the plants can withstand temperatures as low as 15 °F (-10 °C). However, the optimum temperature for plants’ growth ranges between 40 and 70 °F (4-21 °C). Cool nights and relatively warm fall days can boost flowering. Usually, pansies can be planted (or sown) during fall and flower throughout winter and spring. However, due to the high sensitivity of these plants to high temperatures, pansies are grown as annuals in most areas since they usually cannot survive over the summer. Pansies are outdoor plants and need plenty and direct sunlight to flower. They can perform great in gardens but also in pots-containers and hanging baskets. To ensure their good growth and health, we should avoid planting them in poorly drained soil since they are susceptible to waterlogging and wilt quickly. For this reason, in heavy soil, we can place them in garden beds and open enough drainage holes if we want to grow them into containers. Finally, pansies prefer slightly acidic soils with a pH of 5.4-6. In most areas, you can successfully grow pansies from seeds with direct sowing to the ground or a container during late summer or early fall. Start by purchasing certified seeds to ensure a good germination rate, fast growth, and healthy plants. The ideal temperature for germination ranges between 45-65 °F (7-18 °C). In areas where the conditions are not favorable for direct sowing outdoors, many gardeners choose to sow the seed in plant trays with high-quality seed starting (soil) mix or other growing media. Pansies seeds are very sensitive to light. For this reason, the seeds must be covered with sufficient soil, and the tray should be placed in a cool location protected from direct sunlight. Usually, good-quality seeds may germinate after 1 to 3 weeks, depending on the soil temperature. You can transplant them to their final location (or a larger pot) when the seedlings have developed 3-5 leaves. Originally, pansies are biennials, meaning they complete their life cycle within 2 years (from seeding to senescence). During the first year, they produce foliage; during the second year, they bloom, set seeds, and die. However, most commercially available hybrids can flower already the first year after sowing. Pansies are usually planted in the fall. To have flowering plants directly, most people buy mature potted plants from garden centers or online nurseries. Choose vigorous plants with plenty of flower buds and not fully blooming ones. Start by “cleaning” your pansies and removing all chlorotic and dried foliage as well as faded flowers. Remove the plants from their pots and gently loosen up the roots. All-purpose planting soils can be used for potted pansies. Depending on the pansy type, the plants can spread 9-12 in (23-30 cm) and become 6-9 in (15-23 cm) tall. You can place them 6-10 in (15-25 cm) apart, but pansies can grow well even at closer distances, fitting 4-8 plants in a pot/basket with a 6-8 in (15-20 cm) diameter. The planting hole should be a bit wider than the root ball and with the same depth. These plants are a great option to grow together with other season annuals (e.g., marigolds, dusty miller, dianthus, chrysanthemums, etc.). Pansies are heavy feeders. Depending on the weather conditions and the location where the pansies grow, we may need to water them daily. Even during winter, pansies must be watered regularly (from rainfalls or manually) and keep the soil moist at all times. If you observe that your plants look cachectic or the flowering has been reduced even when the environmental conditions are optimum, try to water them a bit more often. Fertilization is also essential for maintaining healthy and flowering plants. To cover their nutritional needs, all-purpose fertilizers rich in nitrogen can be used. Slow-release 15-9-12 fertilizers can be broadcasted and incorporated into the garden’s top 2-3 in (5-7.5 cm) of soil. Soluble fertilizers are preferred and applied once every 2-4 weeks for plants growing in pots. Keep in mind that iron and boron deficiencies may occur in soils with a pH higher than 5.8. On the other hand, in soils with a more acidic pH (below 5.3), a magnesium deficiency is more common. Chlorosis of the foliage or limited growth and cachectic plants may be some common signs of nutrient deficiencies. If you already apply all-purpose fertilizers, you may also need to consider adding some fertilizers with micronutrients. Another important practice that will help your pansies to bloom for longer is to remove the faded or dead flowers. Try to cut the flower stem as low as possible, taking care not to injure any leaves. To easily distinguish the older plants from the ones that will open in 1-2 days, remember that the young flowers tend to have their petals in a more closed and firm arrangement. Furthermore, the mature-older flowers usually have formed a small green “ball” at their center, after they have been pollinated, that encloses the seeds. Pansies that grow in the garden are usually threatened by snails, slugs, several caterpillars, and aphids. More specifically, many different species of aphids can infest pansies, mostly during spring, when new tender vegetation appears. Chemical control has low success and is not preferred. To help your plants cope with this enemy, you can maintain a healthy garden with different plant species that will be able to attract and host important insect predators like ladybugs and parasitic wasps. So, you can let nature work on your behalf. Hand-picking may be needed to control the rest (snails, slugs, caterpillars). Finally, disease like root rots, mildews (downy and powdery mildew), or/and rust can infect both ground and potted grown pansies. To limit the spread of the problem, you can remove the infected plants, use healthy plants and soil and improve soil drainage. Due to its annual nature and the low cost of pansies, most gardeners prefer to replant. You can advise your local garden center and a licensed agronomist. https://www.rhs.org.uk/education-learning/gardening-children-schools/family-activities/grow-it/grow/pansy https://hgic.clemson.edu/factsheet/pansy-diseases-insect-pests/ From gardens and hanging baskets to cocktails and gourmet dishes, pansies ( Viola x wittrockiana ) bring color and have been declared as some of the most favorite winter flowering plants for many reasons. People appreciate pansies due to the great variety of colorful flowers they produce. Nowadays, there are hundreds (around 500) of pansies varieties, with the new hybrids offering even more options regarding the color, color combination, plant, and flower size. Their mostly bicolor, velvety petals have dozens of fantastic color combinations, from white to yellow, purple, blue, and red, with dark centers and yellow eyes. Pansies with yellow flowers are generally planted in gardens and parks, alone or mixed with purple ones, because they stand out from a distance. Pansies are perennial plants but are usually treated as annuals or biennials. Some popular pansy varieties are the Garden pansies ( ), the Johnny-jump-ups or heartsease ( Viola tricolor ), the Field pansies ( Viola bicolor ), and the Tufted pansies ( Viola cornuta Except for the amazing flowers they produce, pansies are one of the gardeners’ top choices to grow during winter, thanks to their ability to survive and bloom even in low temperatures. More specifically, the plants can withstand temperatures as low as 15 ° F (-10 ° C). However, the optimum temperature for plants’ growth ranges between 40 and 70 ° F (4-21 ° C). Cool nights and relatively warm fall days can boost flowering. Usually, pansies can be planted (or sown) during fall and flower throughout winter and spring. However, due to the high sensitivity of these plants to high temperatures, pansies are grown as annuals in most areas since they usually cannot survive over the summer. F (7-18 ° C). Pansies are heavy feeders. Depending on the weather conditions and the location where the pansies grow, we may need to water them daily. Even during winter, pansies must be regularly (from rainfalls or manually) and keep the soil moist at all times. If you observe that your plants look cachectic or the flowering has been reduced even when the environmental conditions are optimum, try to water them a bit more often. Another important practice that will help your pansies to bloom for longer is to Try to cut the flower stem as low as possible, taking care not to injure any leaves. To easily distinguish the older plants from the ones that will open in 1-2 days, remember that the young flowers tend to have their petals in a more closed and firm arrangement. Furthermore, the mature-older flowers usually have formed a small green “ball” at their center, after they have been pollinated, that encloses the seeds. care flower garden Pansy pots"
https://wikifarmer.com/interesting-facts-uses-and-types-of-bamboo/,10/19/2023 20:04,"This post is also available in: Español (Spanish) Deutsch (German) हिन्दी (Hindi) العربية (Arabic) Türkçe (Turkish) 简体中文 (Chinese (Simplified)) Ελληνικά (Greek) Português (Portuguese (Brazil)) polski (Polish) Burley, J. (2004). Encyclopedia of forest sciences. Academic Press. Pandey, V. C., & Singh, D. P. (2020). Phytoremediation Potential of Perennial Grasses. Elsevier, p. 245-258 https://extension.tennessee.edu/publications/documents/W220.pdf https://www.cabi.org/isc/datasheet/8398#tosummaryOfInvasiveness https://www.ijsrp.org/research-paper-0213/ijsrp-p14122.pdf Bamboo plant is a and is one of the tallest species of the family. It is an evergreen, perennial plant. Bamboo can reach up to 25-65 feet (8-20 m). are hollow and can reach up to 8 inches (20 cm) in diameter. The plants can up to 100 years. They at the end of their lives, produce seeds, and die. Bamboo can be by seeds or vegetatively. It has a very rhythm and can produce large amounts of biomass in a short period of time. It covers more than globally. They have been cultivated and used by humans Bamboo plants usually form dense forests. Due to the allelopathic compounds that some bamboo species produce and their dense canopy, Bamboo can “drοwn” other plant species. There are more than (herbs, shrubs, trees, and climbers) and 2 main types of bamboo: the sympodial or clumping (largely tropical) and the monopodial or running bamboos (largely warm temperate). Their main difference is that the plants of the first category grow as a cluster in one spot and expands very slowly from one place to another, while the second, thanks to their thin rhizomes, can quickly expand over long distances. They thrive in tropical and subtropical regions, with 1500-3800 mm of rainfalls (more than 700 mm of are on average necessary annually). Most species are tolerant to a wide range of moisture and soil conditions. It can be found in riverbanks, wastelands, roadsides, disturbed sites, forest edges, and secondary forests. Bamboo can grow up to 1200 m , but the plant prefers altitudes below 800 m. Species like Sinarundinaria spp, Arundinaria recemosa Thamnocalamus aristatus can grow in a altitude of even 3000 m. The plant requires well-drained soils. The plant can tolerate temperatures as low as -3 and -5 C (22 ° F) and up to 50 C (122 F). or common Bamboo, is the most commonly encountered-cultivated Bamboo worldwide, while Bambusa bambos is considered a great option for construction purposes. Some species from Asia (64% come from Southeast Asia), Africa, or America. Depending on the bamboo species, the plants can be as a building material, as ornamental or/and for biofuel (like bioethanol), fabric and paper production. Some species even have edible bamboo shoots that animals and humans can consume. It is considered a plant with since it can reduce soil erosion, store large quantities of carbon and CO2 (the high ability for carbon sequestration), absorb wastewater, and alleviate metal toxicity from the soil. Finally, Bamboo has some health benefits and can be used to control diseases like diabetes, cholesterol, and hypertension. Burley, J. (2004). Encyclopedia of forest sciences . Academic Press. Pandey, V. C., & Singh, D. P. (2020). Phytoremediation Potential of Perennial Grasses . Elsevier, p. 245-258"
https://wikifarmer.com/how-to-grow-bamboo-plants/,10/19/2023 20:04,"How to grow Bamboos Outdoors Bamboo Variety selection Bamboo’s soil and environmental requirements: Where to plant your bamboo Propagation and Planting of bamboos Control Bamboo Spread Water and Nutrient Requirements of Bamboo Deadheading and Pruning Pest and Diseases: Common Problems of Bamboo Growing Bamboo In Containers-Pots Bamboo is considered one of the most famous and abundant plants globally. Thanks to its vivid green color, accelerated growth rate, and durability, Bamboo has become very popular for growing in gardens and urban parks, pots, or even in vases inside the house. Depending on the bamboo species, the plants can be used as a building material, as ornamental plants or/and for biofuel (like bioethanol), fabric, furniture, and paper production. Some species even have edible bamboo shoots that animals and humans can consume. Bamboos are usually preferred for creating a natural screening (fence) since they can grow fast and dense. There are more than 1,400 bamboo species globally, from herbs, shrubs, trees, and climbers. There are 2 main types of bamboos: the sympodial or clumping (largely tropical) and the monopodial or running bamboos (largely warm temperate). Their main difference is that the plants of the first category grow as a cluster in one spot and expands very slowly from one place to another, while the second, thanks to their thin rhizomes, can quickly expand over long distances. Depending on the species, bamboos can become quite tall, reaching up to 25-65 feet (8-20 m). Generally, a bamboo of the clumping type usually can gain around 1-2 feet or 30-60 cm per year, while the running varieties can grow even faster (3-5 feet or 90-1.5 m gain yearly). However, there are many dwarf varieties as well. Some common species are: When selecting a bamboo variety, you are advised to consider the local environmental conditions, the available space you have for the plants to grow, and the purpose the plants will serve (e.g., live fence). Furthermore, since the bamboos are grown for aesthetic reasons, plant characteristics like size, color, and shape of the clumps and the leaves are essential. Bamboos can grow in various soil types but perform best in sandy, loamy, rich, slightly acidic, well-drained soils with a relatively high soil moisture level. Loose soils can allow a faster spread of the plants by allowing the expansion of bamboos’ rhizomes. Additionally, the plants can grow successfully in semi-shade but prefer sunny places. When the plants receive enough sun, they grow faster, become taller, and obtain a more vivid green color. Avoid sites that are exposed to strong winds, withhold water, and are prone to frost. Bamboos can be propagated both with seeds and vegetatively. However, it is easier for an amateur grower to buy a potted plant from a plant nursery (garden center) and transplant it in the chosen-appropriate spot of the garden. The plants are usually sold in larger pots of more than 2 liters. Generally, spring (or early summer) is the best time of the year for planting bamboos. To ensure a good establishment, avoid planting your bamboos when the weather is too hot or too cold. If we want to create a dense screen, we can place the young bamboo plants around 1 m (3 ft.) apart. You can open a hole twice as wide as the pot size and a bit deeper (1-2 cm or 1 in). There is no need to open a deeper planting hole because bamboos are generally shallow-rooted plants. You can remove the plant from the pot gently, spread the roots a bit (gently), and place it on the ground. You can refill the hole with soil or a mix of soil and compost, press gently to improve the contact of the roots with the soil, and reduce transplanting stress and water. Mulch can be added around the plants to hold in moisture. The plants, especially those of the running type, can expand quickly with their rhizomes. This ability may be desirable during the first years of plant establishment but usually becomes a problem later on. More specifically, bamboos can “draw” and kill most other plant species. For this reason, while difficult, it is necessary to control their growth in home gardens. An option is to dig up, remove, or chop the plants’ runners. To ensure that our plants will grow only in the desirable area, we can create-install a vertical barrier at least 2-3 inches (5-7.5 cm) deep into the ground (and 2-3 inches or 7 cm high) before planting bamboos. If we have chosen larger plants (e.g., Phyllostachys), we have to ensure they have enough space to grow. In this case, the barrier should leave an area of more than 2.5 m (8 feet) in diameter for bamboos to expand. Bamboos thrive in rich soils with sufficient soil moisture. However, after establishment, the plants need limited assistance. More than 700 mm of water is generally necessary annually, while the optimum ranges between 1500-3800 mm. As a result, at least 1 inch (2.5 cm) of water (rainfalls or manual watering) weekly is needed for good plant growth. Under such conditions, bamboo plants can become taller, while on the contrary, drought, especially in the young stages (first 2 months), can lead to defoliation. During the warmest months, plants may need watering once every 2 to 4 days. However, it is essential to avoid planting bamboo in poorly drained soils. Older bamboos are more drought-hardy. Irrigation with sprinklers is possible, but drippers are the most optimum choice. To nourish our plants and assist their growth, we can add controlled-released fertilizer pellets (1 tablespoon per plant). However, this may not be necessary during the first year if we have added compost to the planting hole. In later years, fertilization can be performed once or twice from early spring until early autumn. Usually, the application of a nitrogen-rich fertilizer in early spring is necessary, while later on, a balanced fertilizer can be used. It is advised to leave the fallen leaves on the spot since bamboos can be benefited from the nutrients they contain. As bamboos get older, we may need to “cleaned them up” from dried leaves or canes. By cutting them out using a pruning saw or shears, we help the plants regenerate, prolong their life span, and maintain an attractive look. If the clump has become very dense, we can thin it out by removing some canes from the base. Additionally, we can cut the tops of the plants to control their height and encourage the production of healthy and ample foliage. We may need to perform deadheading in older bamboo plants to remove any flowering shoots. Despite the nice appearance of bamboo flowers, flowering can weaken the plants dramatically and lead to defoliation or even plant death. If we observe that the whole bamboo clumps flowers, we can cut it to the ground during spring. We may also add nitrogen-rich fertilizers and water to encourage the regeneration of the plants. Bamboos generally do not face many problems, especially from biotic stresses. However, some issues that the bamboo growers may have to deal with are the following: The appearance of some yellow leaves is expected since the plants renew their foliage. However, observing extensive chlorosis on your bamboos may be a sign of stress (drought or waterlogging, nutrient deficiencies, or extreme temperatures). In a case of an extensive problem, you are advised to consult a licensed agronomist. If you wish to have potted bamboos in your yard or your balcony, choosing the best varieties that will grow and spread less is best. Start with smaller plants. Depending on the original size of the plant (and its root ball), it is best to transplant it into a large container (45 cm or 18 in wide and deep). Additionally, since bamboos tend to become very tall (depending on the species), it is best to choose a heavy and wide container to prevent the potted plants from tipping over. Moreover, we need to open holes at the bottom of the pot allowing drainage of the extra water within minutes. To improve drainage, we can add crockery or gravel to the bottom of the pots. Preferably, use a loam-based potting soil mix with some garden compost. Transplanting should take place during springtime. Some amateur growers soak the bamboo root ball in water for 1 hour before transplanting it. This may be necessary if the plants we bought seem drought-stressed. Choose a sunny place to place your newly potted bamboos. This will accelerate plants’ growth. You may avoid areas exposed to strong winds. Do not forget to water abundantly after transplanting. While bamboos can withstand temperatures close to 0 °C (32 °F), it is best to move our pots to a sheltered site and protect the root system from frost by using bubble wrap. If the temperature drops below 4 °C (39,2 °F), we can place our containers indoors until the temperature rises again. We can add controlled-released fertilizer pellets to nourish our plants and assist their growth. However, this may not be necessary during the first year if we have added compost to the potting soil. In later years, we can add a general liquid fertilizer once or twice from early spring until mid-autumn. Remember that bamboos are sensitive to drought, especially in the early stages (first 2 months after planting), so watering should not be neglected throughout the growing season. During the warmest months, plants in containers may need watering daily or once every 2 days. Drought stress can lead to plants’ defoliation and early plant death. As the plants grow may need to be repotted in larger containers after a few years. Finally, since bamboo can be propagated vegetatively, we can divide them and replant them in different places. https://www.hindawi.com/journals/tswj/2020/7284203/ https://www.rhs.org.uk/plants/types/grasses/bamboo/growing-guide https://erdb.denr.gov.ph/wp-content/uploads/2015/06/denr_v9.pdf https://plants.ces.ncsu.edu/plants/bambusa-multiplex/ Phyllostachys aurea Fargesia nitida Phyllostachys aureosulcata f. spectabilis Fargesia murielae ‘Simba’ Pleioblastus pygmaeus Distichus Fargesia murielae Pleioblastus variegatus Fargesia murieliae ‘Jumbo’ Pleioblastus viridistriatus or Dwarf green stripe Fargesia murieliae ‘Rufa’ Sasa tsuboiana or Scottish Bamboo Thyrsostachys siamensis or Manastery bamboo Sasa veitchii Bambusa multiplex or Chinese Dwarf Bamboo/ Alphonse Karr Semiarundinaria fastuosa or Temple bamboo Bambusa vulgaris or Buddha’s Belly Phyllostachys vivax or Chinese timber bamboo Himalayacalamus hookerianus or Himalayan Blue Rust disease common symptoms: orange to brown pustules on the foliage Root rots common symptoms: chlorotic and wilting foliage, defoliation. Bamboo aphids common symptoms: plants can have poor growth, and we can spot the insects on the leaves. Usually, the foliage can be covered by a sticky substance or/and sooty molds. Choose a sunny place to place your newly potted bamboos. This will accelerate plants’ growth. You may avoid areas exposed to strong winds. Do not forget to water abundantly after transplanting. While bamboos can withstand temperatures close to 0 ° C (32 ° F), it is best to move our pots to a sheltered site and protect the root system from frost by using bubble wrap. If the temperature drops below 4 ° C (39,2 ° F), we can place our containers indoors until the temperature rises again."
https://wikifarmer.com/category/tea-plant/,10/19/2023 20:04,Tea Plant Tea Plant Complete Cultivation Guide How to grow tea – Commercial tea cultivation from seeding to harvesting and processing General Information about tea Tea (Camellia sinensis(L.) O. Ktze ) is one of the world’s most […]
https://wikifarmer.com/how-to-grow-rice-rice-complete-growing-guide-from-seeding-to-harvest/,10/19/2023 20:04,"There are over 7000 rice varieties that are cultivated nowadays. As a rule of thumb, we need a large supply of water and low labor costs (or mechanical means of production) in order to establish a successful commercial rice field. There are mainly 3 ways to grow rice: In general, water protects the rice plants from extreme cold and heat. The water also prevents weeds from growing. HOW TO GROW RICE"
https://wikifarmer.com/rice-plant-wiki-info-uses/,10/19/2023 20:04,"Rice Plant Wiki – Info & Uses Rice as a commodity around the world Rice Plant Information Rice is one of the most popular foods especially in Asia, where the vast majority of the world production takes place. Rice is commercially grown in over 110 countries. Top 5 producing countries are China, India, Indonesia, Bangladesh, and Vietnam. However, the top 5 rice exporting countries are India, Thailand, United States, Pakistan and Vietnam. Apart from Asia and the United States, rice is also commercially grown with great success in Mediterranean countries (Italy, Morocco, Greece), in Latin America (Uruguay, Paraguay, Brazil, Argentina) and in Central Europe (Belgium, Netherlands). Rice is believed to be the third most important agricultural commodity after sugar and maize. Rice (Oryza sativa) is normally an annual, monocot plant, belonging to the Poaceae (Gramineae) family. We grow the grass species Oryza in order to collect the seeds (rice) for edible use. In most cases, rice is an annual plant. However, in very rare cases, the rice plant grows as a perennial and can survive 10 or more years. The biological cycle of annual rice (days from seedling to harvest) ranges from 95 days (very early varieties) to almost 250 days (very late varieties). Medium maturing varieties can be harvested 120-150 days after sowing. The rice plant consists of the roots, stem, leaves, and panicle. The root system of the plant can have a length of 10 inches (25-30 cm) to over 40 inches (100 cm). The rice seed is often called as grain. When panicles are ripened, they normally contain from 50-60 to over 120 grains for every rice plant. The grain structure has three layers; the shell, the bran coat and the endosperm, which contains the embryo. How to grow Rice – Rice Complete Growing Guide from Seeding to Harvest Rice Field and Soil Preparation Rice Planting, Seeding Requirements – Seed Rate of Rice Nutrient Management in Rice Crops – Rice Plant Fertilization Rice Pest and Diseases Rice Harvesting, Yield per Hectare and Storage rice ricefarming"
https://wikifarmer.com/sunflower-soil-preparation-soil-requirements-and-seeding-requirements/,10/19/2023 20:04,"Sunflower Soil preparation, Soil requirements and Seeding requirements Planting time and Soil requirements of Sunflower Sunflower Row spacing Sunflower Seeding Requirements and Plants Population per Hectare Sunflower is a highly adapted crop to different environmental conditions and soil characteristics. This allows a higher flexibility in the planting date, something significant when sunflower is used in double planting schemes. Despite its high frost and heat tolerance, it is essential to follow some ground rules to help the plants reach their yield potential. Seeds can germinate at 6 oC (42 oF), but it is advised to wait and sow when the temperature reaches 10-13 oC (50-55 oF) to achieve faster and more uniform emergence. Early planting and, as a result, the earlier harvest may decrease seeds losses due to birds, while on the other hand, late planting reduces the risk of damage from the sunflower moth (1). However, in any case, the sowing must take place during the suggested period for each crop and region to protect the final yield. The optimum temperature for plant growth is around 21-26 oC (70-78 oF), while temperatures of -3 to -5 oC (26 oF) for approximately 6 hours can kill a mature sunflower plant. From flowering until plant maturity, the temperature level can affect fatty acid production in the sunflower seeds. More specifically, the levels of oleic acid were a bit higher in higher temperatures (2, 3, Regitano et al., 2016). While the seeds need sufficient soil moisture to germinate, sunflower prefers well-drained soils with high water holding capacity. The plant’s growth is optimum on sandy loam soils with neutral pH (6.5-7.5), but it can also tolerate clay loam or silty clay loam soils. If the soil pH is below 5.5, the farmer can incorporate lime to increase it. Deeper soils in combination with sufficient-high rainfalls can increase the crop’s yield potential. After selecting the variety, the farmer must obtain the seeds to start sowing. Farmers are advised to use high-quality, healthy, and certified seeds to ensure a reasonable and uniform germination rate. Most sunflower seeds have been treated with fungicides to control downy mildew and insecticide, and some seed companies also treat their seeds with molybdenum (4). Sunflower seeds need to have a good contact with the soil to emerge evenly. For this reason, seedbeds should be firm and moist. In no-tillage systems, farmers pay extra attention to covering the seeds with sufficient soil and ensuring good seed-to-soil contact. Soil compaction, especially in sandy soils, could drastically reduce the infiltration of rainfall water into the ground, reducing the moisture level. This condition and the extra strength the young seedlings need to break this crust can cause significant plant emergence and establishment problems. To reduce the risk of such situations, farmers may use a mouldboard plow or chisel plow to prepare the seedbed for sunflower successfully. Such handling will help break the soil crust and destroy the weeds while limiting soil erosion. It is essential to avoid planting deeper than 5-6 cm (2-2.5 in) for good and uniform germination. This is especially important for confection sunflowers, in which the maximum depth should be 5 cm (2 in). Seeds planted very shallowly will have problems to un-hull and germinating. Sunflower farmers sow deeper in sandy soils and more shallow in heavy clay soils. The sunflower is a row crop, but the row spacing is not something strictly fixed. The general rule is that the spacing should comply with the (machinery) equipment that the farmer has and, at the same time, leave enough space for the heads to grow. The seeding rate should adjust to the crop’s yield potential, the type of the soil, and the availability of nutrients and water. As a result, reducing the plant population in lighter soils or/and areas with water scarcity (rainfalls or irrigation) is better. Dwarf sunflower varieties can be sown closer together to limit the lodging problems. For confections-type, larger plant distances should be used to leave enough space for the heads to grow and produce seeds of larger size (market requirement). Increased yields have been succeeded with 50-76 cm (20-30 in) row width. However, good results have been obtained with both larger 1 m (40 in) and more narrow rows of 35.5 cm (14 in) (2). For oil-type sunflowers, 3 to 4 pounds of seeds per acre will result in having 15,000 to 22,000-25,000 plants per acre. This means that 3.3 kg to 4.4 kg of seeds per hectare will result in having 37.500 to 55,000-62,500 plants per hectare. For the average seed size, 2 kg of seeds per hectare will lead to 30.000 plants per hectare. For confections-type, a plant population of 12,000 and 18,000 plants per acre (30,000 and 45,000 plants per hectare) is more desirable to obtain larger seeds (1). Farmers can use maximum seeding rates in irrigated or high rainfall areas and in high-yielding soils (nutrient-rich). Finally, farmers growing tall varieties with higher yield potential (heavier heads) usually avoid planting rows across the wind drift to reduce the risk of lodging. The sunflower grower can use any conventional corn planter or precision drill for sunflower sowing. Plateless and air-planters can offer good seed distribution, but conventional planters with appropriate size plastic plates with filler rings may give even better results. Some farmers also use grain drills when no other option is available, but due to low efficiency, this is not recommended (2). Sunflower is also sensitive to compacted soils, so farmers often use tiers with light pressure, compacting the soil only alongside the seed. Regitano Neto, A., Miguel, A. M. R. D. O., Mourad, A. L., Henriques, E. A., & Alves, R. M. V. (2016). Environmental effect on sunflower oil quality. Crop Breeding and Applied Biotechnology, 16, 197-204. Seeds can germinate at 6 oC (42 oF ), but it is advised to wait and sow when the temperature reaches 10-13 oC (50-55 oF ) to achieve faster and more uniform emergence. Early planting and, as a result, the earlier harvest may decrease seeds losses due to birds, while on the other hand, late planting reduces the risk of damage from the sunflower moth ( ). However, in any case, the sowing must take place during the suggested period for each crop and region to protect the final yield. The optimum temperature for plant growth is around 21-26 oC (70-78 oF ), while temperatures of -3 to -5 oC (26 oF ) for approximately 6 hours can kill a mature sunflower plant. From flowering until plant maturity, the temperature level can affect fatty acid production in the sunflower seeds. More specifically, the levels of oleic acid were a bit higher in higher temperatures ( , Regitano et al., 2016). After selecting the variety, the farmer must obtain the seeds to start sowing. Farmers are advised to use high-quality, healthy, and certified seeds to ensure a reasonable and uniform germination rate. Most sunflower seeds have been treated with fungicides to control downy mildew and insecticide, and some seed companies also treat their seeds with molybdenum ( ). Sunflower seeds need to have a good contact with the soil to emerge evenly. For this reason, seedbeds should be firm and moist. In no-tillage systems, farmers pay extra attention to covering the seeds with sufficient soil and ensuring good seed-to-soil contact. Soil compaction, especially in sandy soils, could drastically reduce the infiltration of rainfall water into the ground, reducing the moisture level. This condition and the extra strength the young seedlings need to break this crust can cause significant plant emergence and establishment problems. To reduce the risk of such situations, farmers may use a mouldboard plow or chisel plow to prepare the seedbed for sunflower successfully. Such handling will help break the soil crust and destroy the weeds while limiting soil erosion. For oil-type sunflowers, 3 to 4 pounds of seeds per acre will result in having 15,000 to 22,000-25,000 plants per acre. This means that 3.3 kg to 4.4 kg of seeds per hectare will result in having 37.500 to 55,000-62,500 plants per hectare. For the average seed size, 2 kg of seeds per hectare will lead to 30.000 plants per hectare. For confections-type, a plant population of 12,000 and 18,000 plants per acre (30,000 and 45,000 plants per hectare) is more desirable to obtain larger seeds ( ). Farmers can use maximum seeding rates in irrigated or high rainfall areas and in high-yielding soils (nutrient-rich). Finally, farmers growing tall varieties with higher yield potential (heavier heads) usually avoid planting rows across the wind drift to reduce the risk of lodging. The sunflower grower can use any conventional corn planter or precision drill for sunflower sowing. Plateless and air-planters can offer good seed distribution, but conventional planters with appropriate size plastic plates with filler rings may give even better results. Some farmers also use grain drills when no other option is available, but due to low efficiency, this is not recommended ( ). Sunflower is also sensitive to compacted soils, so farmers often use tiers with light pressure, compacting the soil only alongside the seed. https://www.extension.iastate.edu/alternativeag/cropproduction/sunflower.html https://sanangelo.tamu.edu/extension/agronomy/agronomy-publications/sunflower-production-guide/ https://www.gov.mb.ca/agriculture/crops/crop-management/pubs/frost-sunflowers.pdf https://www.kzndard.gov.za/images/Documents/RESOURCE_CENTRE/GUIDELINE_DOCUMENTS/PRODUCTION_GUIDELINES/Look-n-Do/Sunflower%20Production.pdf Regitano Neto, A., Miguel, A. M. R. D. O., Mourad, A. L., Henriques, E. A., & Alves, R. M. V. (2016). Environmental effect on sunflower oil quality. Crop Breeding and Applied Biotechnology , 197-204. sunflower cultivation sunflower soil requirements"
https://wikifarmer.com/what-is-silage-and-how-to-produce-it/,10/19/2023 20:04,"Which are the best Corn Hybrids and Varieties for silage Sowing & Plant density Environmental requirements for growing silage Fertilization needs for growing corn for silage The Cutting stage Forage harvesting The ensilage process Silage is a type of forage produced by fermenting plant matter under anaerobic conditions until it’s acidified. It is used to feed domestic animals such as sheep, goats, and pigs, but it’s mainly widespread in cattle. A wide variety of plants can be used to produce silage. Some examples are sorghum, alfalfa, other legumes, grains, and corn. Unlike corn kernels (given whole or in flour and mixes), silage is produced from the whole corn plant (leaves, stems). Silage is considered a nutritious roughage for domestic animals and is particularly attractive to them due to the aroma produced during fermentation. Studies show that relatively to other forages, silage is either superior or does not negatively affect the amount of production (1, 2). From the growers’ point of view, the production of silage presents some opportunities, since the yield exceeds 60 tons per hectare (24.3 tons/acre), giving the producer a price about the same or higher in some cases than the production of corn seed. In addition, the plot is occupied less time, giving the option of multi-cropping (cultivation of more than 1 crop per growing season. Additionally, less time for the plants to grow means less irrigation and lower production costs while decreasing the risk of potential damage and losses (e.g., wild boars, wind storms, hail). This article will focus on silage production and not silage-based animal ration formulation. As can be understood, to grow maize for silage requires some adjustments to be made in the cultivation practices compared to the ones applied for grain production. Seeding density, suitable hybrid variety, fertilization, irrigation, time, and method of harvesting are some parameters to consider. Historically, corn breeders aimed to increase grain yield per unit area. It is recommended to choose seeds with a high final grain yield. However, research indicates that quality is more related to the digestibility of the cell walls of the stem than to the ratio of grain to fodder (8). Today, if we look in the catalogs of major seed companies, we will see that many seeds are listed as suitable for silage cultivation without being exclusively intended for silage. The proper sowing density, and by extension, the plant density, will affect the volume of production and the desirable quantity and size of the ear. Generally, the seeding density is usually increased by 7,5-20% compared to the crop for grain. A density of up to 8-9 plants per m2 ( 6,6-7,5 plants per yd2) is considered ideal. Higher densities decrease forage quality by reducing protein and increasing fiber (9, 10). In many cases, maize is sown at 60-76 cm row spacing and 15-19 cm on the row. At the same time, there is also the option of double rows with a distance of about 30 cm within the row and 96 cm between the rows, which also seems efficient (10). Environmental factors affect the yield, the length of the growing season as well as the quality of the final product. Corn can be grown both with and without irrigation. In most regions, to produce silage and achieve high yields, farmers choose to irrigate. Finally, the temperature is an important environmental factor, with the ideal for maize growth to be 35 °C (95 °F) (4). A silage crop removes more nutrients from the field since the whole plant is harvested, and there is no return of these to the soil from crop residues such as stalks. Generally, the Nitrogen requirements for silage corn production are 200-300 kg nitrogen per hectare (178-268 lb/acre) (7, 10). This quantity can vary, and is affected by the intensity of cultivation of the plot (sowing density), the previous cultivation, and its fertility. In addition, the crop needs Phosphorus (P) in the amount of 30-40 kg per hectare (27-36 lb/acre) and up to 160 kg of Potassium (K) per hectare (143 lb/acre) (10). In any case, over-fertilization should be avoided as it can lead to excess nitrate and potassium concentrations in the silage, leading to nutritional disorders in dairy cows during the dry season (7). Cutting the stems is crucial as it affects both the amount of production (yield) and the quality-digestibility (quality and quantity) of the product. Research has shown that late cuttings yield fewer non-structural carbohydrates and increased fiber (3). An ideal Dry Matter (DM) content is between 33-36% (5, 6). Estimating maturity from grain observations, some suggest harvesting when the milk line of the grain is between ⅓ and ½, while others between ½ and ⅔. The milk line is the “dividing line” in the seed between the starchy outer part and the softer milky center. The cutting for harvesting the stems is done 10 cm from the ground. Increasing the cutting height only slightly increases the quality of the silage with a countermeasure decrease in the quantity. Most farmers harvest exclusively with machines (agricultural tractors and forage harvesters). In contrast, in small-scale farms with higher availability of workers, harvesting is done by hand and using only small devices, mainly for shredding. The shredded maize enters the silo, which will be compressed and covered to start the silage process. Silage can proceed in large piles where agricultural tractors repeatedly trample the forage, in large tonne capacity bags, plastic containers, or even in small sacks. In all cases, ensilage is based on achieving anaerobic conditions. After closing, the aerobic bacteria begin consuming oxygen, producing carbon dioxide and heat. With the depletion of oxygen, the proliferation of anaerobic bacteria of the genus Lactobacillus begins, which produce lactic acid that acts as a preservative due to the drop in pH and gives a pleasant aroma and taste to the product. Producers often inoculate the product with formulations to protect it from fungal action and mold growth. Inoculants usually contain strains of the species L. buchneri, L. casei, L. plantarum, L. lactis, Enterococcus sp., and Pediococcus sp.. Apart from the inoculants, molasses (sugars), urea or ammonia (nitrogenous compounds in cases of low protein content), and calcium can be added. The finished product will be ready in 4-6 weeks. In general, silage contains 40-60% water (decreases as cutting delays), fibrous substances neutral detergent fiber (NDF) 41-52% in Dry Matter, and the most indigestible acid detergent fiber (ADF) at 24-32%, while proteins at 6- 8%. These fibers decrease as the seed develops. The pH ranges between 3,7-4,1 (9, 10, 11). 1 https://onlinelibrary.wiley.com/doi/epdf/10.1111/j.1365-2494.1962.tb00284.x 2 https://www.sciencedirect.com/science/article/pii/S0022030299755402 3 https://www.sciencedirect.com/science/article/pii/0377840186900039 4 https://www.sciencedirect.com/science/article/pii/0377840195008853 5 https://www.sciencedirect.com/science/article/pii/S0022030265884089 6 https://www.sciencedirect.com/science/article/pii/S0022030268872820 7 https://acsess.onlinelibrary.wiley.com/doi/abs/10.2134/agronmonogr42.c12 9 https://www.sciencedirect.com/science/article/pii/037784019290072E 10 https://www.tandfonline.com/doi/ 11 https://www.sciencedirect.com/science/article/pii/S0022030297762027 silage"
https://wikifarmer.com/category/sunflower/,10/19/2023 20:04,"Sunflower Yield, harvest, storage of Sunflower Sunflower pests and diseases Weed Management in Sunflower Farming Sunflower Fertilizer Requirements Irrigation of Sunflower Sunflower Variety Selection Sunflower: History, Uses and Plant information Sunflower Seed and Oil Yield per hectare and acre Sunflower farmers concentrate all their efforts during the cultivation season to ensure that their crops will manage to reach their potential […] Sunflower pests and diseases Even though the sunflower can be infested and infected by various pests and diseases, the need for control measures is not very common. However, the threats […] Weed control in sunflower Despite its large final size, sunflower is very sensitive to weed competition during the first growth stages of the plant. Weeds compete with plants in terms […] Sunflower is grown in many parts of the world as a rain-fed, dryland, or irrigated crop. The plant’s deep root system is responsible for providing drought tolerance, as it can […] To successfully cultivate sunflowers and help the plants reach their yield potential, the farmer needs to know and control the factors affecting the seed germination and crop establishment. Planting time […] What to consider when selecting a sunflower variety Nowadays, most sunflower seeds in the market are hybrids. In that sense, a farm-saved seed is significantly less productive, and the grower […] The history of Sunflower Sunflower is the most popular oilseed crop in Europe and North America, where the crop originated and was domesticated during the first millennium B.C. While the […]"
https://wikifarmer.com/maize-soil-preparation-soil-requirements-and-seeding-requirements/,10/19/2023 20:04,"Seedbed preparation for corn Number of corn seeds sown per hectare – Maize Plant Population Corn needs loose soils that offer proper aeration and drainage and at the same time maintain sufficient amounts of water close to roots. Too heavy or too sandy and poorly drained soils are not suitable. In general, the plant prefers pH levels higher than 5,5. More specifically, the optimum pH for corn is between 5,8 and 6,8. Having pH levels close to 5, may reduce the production up to 35%. Corn is slightly sensitive to increased salinity levels. After selecting and testing the maize variety, farmers need to prepare their field for sowing. The appropriate seedbed preparation can dramatically affect germination, emergence-establishment of the crop, and of course crop growth, leading to higher final yields. In conventional tillage systems, farmers apply 1-3 soil tillage sessions. It is highly advised that the farmers adopt a rounded approach and avoid unnecessary tillage that will harm soil structure and lead to soil compaction. Apart from conventional tillage, the farmer can implement stubble-mulch, reduced or no-tillage. All four systems have advantages and disadvantages, and the farmer should consider them carefully before choosing which plan best fits the field’s unique characteristics (1). Tillage aims to create a loose and crumbly soil surface and consists of the primary (mechanical) weed management technique. The soil preparation starts much earlier than the actual sowing of corn seeds. From the previous crop’s harvest, farmers often chop and evenly spread crop residues on the field surface. The residue management can play an essential role in maintaining-improving soil texture-moisture and reducing disease and insect problems (Gentry et al., 2013). It is necessary to implement some weed control measures before sowing corn, in order to minimize the competition of the crop with the weeds for sunlight, space, water, and nutrients. In organic cultivation systems, where chemical herbicides cannot be applied, maize farmers should take extra care while choosing the most appropriate time to enter their field to perform tillage. In this case, most farmers choose to intervene twice, once after the first weeds have started growing and once a bit later (around 2-3 weeks) to “catch” the second round of weeds (usually less than a week before they sow)(3). It takes place earlier in the season, usually after the harvest of the previous crop (or 1-2 months before sowing the corn) (4). At that time, the farmer can incorporate some compost into the field. Early plowing should be avoided in areas with a slope greater than 8% since it will contribute to soil erosion due to winter rainfalls and strong winds. Tilling during early spring serves as a very efficient weed control measure. At the same time, it contributes to the removal of excess water from the soil, improves soil aeration, and promotes the warming of the seedbed. If the farmer has a cover crop like alfalfa on the field, he/she can incorporate the plants into the soil with the first tillage. Depending on the soil texture, the farmer may need the following equipment for the primary tillage: It is usually performed a few days before sowing the crop. Farmers can use: In dry, sandy soils, farmers should be cautious not to destroy the soil structure, and they should avoid passing the field too many times with the machinery and disturbing the soil. Organic farmers might choose to make one more tillage right before sowing. If the weather is warm enough, they might decide to sow right after the second tillage. Extra tillage might be necessary if there is a rainfall too close to the sowing day since in this case, the weeds will germinate much faster than maize and will “drown” the young seedlings (2). Under no-tillage systems, with crop residues from the previous crop remaining on the soil surface, the preparation is limited to one-pass planting and fertilizer operation to limit the disturbance of the soil surface. In this case, the farmer will need to create a 2-3 cm wide strip or open small holes into the ground to place the corn seeds (Karki, 2014). The use of No-tillage planters might be needed for better results. Factors to consider when selecting the sowing date for maize Use certified corn seeds. The seed used should always be certified. In this case, the farmer can be certain for some important attributes of the maize seeds: The grand majority of seeds germinate at the same time, which means that all plants will grow at the same pass, leading to a dense crop, with a good weed competitive ability and a ”fixed” harvest day. The number of seeds that the farmers will sow per hectare should generally reflect the final desired plant population they want to have, and it depends on: Based on FAO data, the plant population varies from 20,000 to 30,000 plants per hectare for late varieties to 50,000 to 80,000 or more for early varieties (5). Other data suggest that varieties with long life cycle (700 FAO or more) often have an average optimum number of plants close to 70.000-75.000 plants per hectare, while very early varieties with FAO 200 or less can be planted at 90.000-110.000 plants per hectare. Spacing between rows varies between 0.6 and 1 m. Generally, when corn is cultivated for livestock feed (forage), the plant population is higher (usually by 50%) In irrigated fields, farmers usually sow more plants per land unit. A higher than normal number of plants per hectare may result in the development of tall plants because they seek access to sunlight. The plants start to lean because the stem is incapable of supporting them. Besides, the water and fertilization requirements increase, and the final protein content of the grain may decrease. The sowing depth is usually 4 to 7 cm (1.5-2.7 inches). When the soil conditions are favorable or/and rainfall is expected, the seeds can be sown closer to the surface but never in a depth less than 2.5-4 cm. Very shallow or deep sowing will lead to problematic seed emergence and plant establishment (iGrow corn) (2). Finally, in not well-drained, cold soils, farmers can choose to sow in ridges. It is suggested, if possible, to avoid sowing by hand (spreading the seeds, random seed placement). Uniform spacing between seeds-plants can increase the yield and facilitate weed control even after plants’ emergence (Torres, 2012). Before sowing, the farmer needs to maintain, calibrate and prepare the planter that will be used. Depending on the field area and the farmer’s economic availability, he/she can use either a tractor-driven corn planting machine (pneumatic planter) or a manual seed planter (6). Even though new pneumatic planters can maintain high sowing precision even at higher tractor speeds, it is advised to keep a medium speed for better results. Karki, T. B., & Shrestha, J. (2014). Maize production under no-tillage system in Nepal. World Journal of Agricultural Research, 2(6A), 13-17. Gentry, L. F., Ruffo, M. L., & Below, F. E. (2013). Identifying factors controlling the continuous corn yield penalty. Agronomy Journal, 105(2), 295-303. Torres, G. M. (2012). Precision planting of maize (Zea mays L.). Oklahoma State University. iGrow Corn: Best Management Practices (pp.6)Chapter: Chapter 13Publisher: South Dakota State UniversityEditors: D.E. Clay, C.G. Carlson, S.A. Clay, E. Byamukama In conventional tillage systems, farmers apply 1-3 soil tillage sessions. It is highly advised that the farmers adopt a rounded approach and avoid unnecessary tillage that will harm soil structure and lead to soil compaction. Apart from conventional tillage, the farmer can implement stubble-mulch, reduced or no-tillage. All four systems have advantages and disadvantages , and the farmer should consider them carefully before choosing which plan best fits the field’s unique characteristics ( Tillage aims to create a loose and crumbly soil surface and consists of the primary (mechanical) weed management technique. The soil preparation starts much earlier than the actual sowing of corn seeds. From the previous crop’s harvest, farmers often chop and evenly spread crop residues on the field surface. The residue management can play an essential role in maintaining-improving soil texture-moisture and reducing disease and insect problems ( Gentry et al., 2013). It is necessary to implement some weed control measures before sowing corn, in order to minimize the competition of the crop with the weeds for sunlight, space, water, and nutrients. It takes place earlier in the season, usually after the harvest of the previous crop (or 1-2 months before sowing the corn) ( ). At that time, the farmer can incorporate some compost into the field. Early plowing should be avoided in areas with a slope greater than 8% since it will contribute to soil erosion due to winter rainfalls and strong winds. Moldboards plows (better to be avoided in sandy soils) Disc plows (useful on dry-hard soils, not recommended for sandy soils) Chisel plows (better results in relatively dried soils) Rippers (to break the formed plow-sole) Tined cultivators (for weed seedling and breaking soil crust, some soil moisture is needed to be effective) Harrows- Disc Harrows (to break clods and soil crust) Since maize is a warm-climate crop, the mean daily temperature needs to be above 15 °C (59 F) to grow. In no-tillage systems, the sowing takes place one week later compared to fields where conventional tillage systems are followed. This happens because the soil temperature at 4-6 cm (2-inch) depth is usually cooler (Karki, 2014). Maize is susceptible to high temperatures and drought stress during the fertilization of the inflorescence and the maturity of the grains. To avoid high temperatures risks (32°C – 45 °C), such as yield decrease, the farmer can select early maturing varieties (with a shorter life cycle) or move, if possible, the planting day a bit earlier. Generally, late sowing will lead to a yield decrease. This happens because the maize plants do not have the needed time (growing degree units or GDU) to reach maturation before the first autumn frost. The problem is even larger in late maturing maize varieties. When the temperature is at an optimum level (above 20°C ) during the growing season, maize plants will reach maturity faster. Maize grown as a forage crop does not have such strict demands for temperature. The sowing of maize should occur when the is at the optimum level, below the field capacity , usually 2-3 days after a rainfall ( ). Of course, this period also depends on the soil structure. The farmer can enter the field with machines and start sowing when the top 4 inches (10 cm) of the soil is dry ( iGrow corn ) ( ). Farmers shall avoid sowing when the soil is too wet since this will contribute to soil compaction and negatively affect seed germination and emergence. Uniformity and germination rate (>85%) Purity, in terms of variety (98%), Clean seeds (no foreign matter), and Healthy seeds (free from any diseases and insect damages). FAO data , the plant population varies from 20,000 to 30,000 plants per hectare for late varieties to 50,000 to 80,000 or more for early varieties ( ). Other data suggest that varieties with long life cycle (700 FAO or more) often have an average optimum number of plants close to 70.000-75.000 plants per hectare, while very early varieties with FAO 200 or less can be planted at 90.000-110.000 plants per hectare. The sowing depth is usually 4 to 7 cm (1.5-2.7 inches). When the soil conditions are favorable or/and rainfall is expected, the seeds can be sown closer to the surface but never in a depth less than 2.5-4 cm. Very shallow or deep sowing will lead to problematic seed emergence and plant establishment ( ). Finally, in not well-drained, cold soils, farmers can choose to sow in ridges. It is suggested, if possible, to avoid sowing by hand (spreading the seeds, random seed placement). Uniform spacing between seeds-plants can increase the yield and facilitate weed control even after plants’ emergence (Torres, 2012). Before sowing, the farmer needs to maintain, calibrate and prepare the planter that will be used. Depending on the field area and the farmer’s economic availability, he/she can use either a tractor-driven corn planting machine (pneumatic planter) or a manual seed planter ( ). Even though new pneumatic planters can maintain high sowing precision even at higher tractor speeds, it is advised to keep a medium speed for better results. https://www.arc.agric.za/arc-gci/fact%20sheets%20library/maize%20production.pdf https://extension.sdstate.edu/sites/default/files/2019-09/S-0003-13-Corn.pdf Seedbed Preparation and Planting – Organic Weed Control – YouTube https://www.jica.go.jp/nepal/english/office/others/c8h0vm0000bjww96-att/tm_1.pdf https://www.fao.org/land-water/databases-and-software/crop-information/maize/en/ https://aicrp.icar.gov.in/fim/salient-achievements/sowing-and-planting-equipment/ Karki, T. B., & Shrestha, J. (2014). Maize production under no-tillage system in Nepal. World Journal of Agricultural Research (6A), 13-17. Gentry, L. F., Ruffo, M. L., & Below, F. E. (2013). Identifying factors controlling the continuous corn yield penalty. Agronomy Journal 105 (2), 295-303. Torres, G. M. (2012). Precision planting of maize (Zea mays L.) . Oklahoma State University. maize soil preparation"
https://wikifarmer.com/fast-facts-and-history-of-maize/,10/19/2023 20:04,"Fast Facts and History of Maize Fast Facts about Corn Corn History Maize is one of the most important crops for humanity. Nowadays, we utilize the majority of the cultivated corn for livestock feed production, and we use the rest for flour, cereal, beer, whiskey, syrups, biofuels production, and raw consumption. The plant was probably domesticated by humans 7000 years ago, and thus, today, thousands of different varieties of corn exist. We classify the most commonly used Corn types into six main categories as follows: Maize (Zea mays, Poaceae / Gramineae family) is considered one of the most important crops globally, with more than 7,000-10,000 years of cultivation (domestication of teosinte). The plant thrives in warmer climates with ample rainfalls, but it can adapt to various environments. In combination with its high yielding and starch content of the grains, this characteristic made it one of the most “successful” and more cultivated crops globally since we can find it in the fields of more than 160 countries. Sowing usually takes place in early-mid spring and harvest during late summer and fall. Corn in the wild was not as we know it today. Corn is believed to have been domesticated 7000 years ago in Mexico, and scientists have evidence that people in Peru used to grow corn almost 6.700 years ago. During the colonial period, Christopher Columbus introduced corn to Europeans. Corn is an essential element of the daily diet of animals and humans. It is the main ingredient of various Mexican dishes and drinks, such as the famous tortillas. We use different corn types as raw materials for producing a great variety of products, such as flour, livestock feed, cereals, sweet syrups, beer, whiskey, biofuels, and others. Maize Nutritional Value and Health Benefits Corn Plant Information and Production Corn is one of the most produced crops in the world Corn was domesticated in Mexico 7.000 years ago Christopher Columbus introduced Maize to Europe Inside an ear of corn, we find, on average, 800 kernels Corn is an annual grass The scientific name of corn is Zea mays The largest corn-producing country is the USA Some uses of corn are flour, cereals, livestock feed, beer, whiskey, syrups, biofuels, and others. Dent Corn is the most highly produced type of corn. : This type of corn is the most produced (over 90% of corn production). We use it for feed production. The kernels of this type are dry and yellow. : We find this type of corn mainly in colder climates. It matures earlier than the other types and has smooth white to red kernels. : This type is mainly grown in the USA for flour and beer production. : This type is mainly produced for raw consumption because of its sweet flavor. We also use it for syrups production. The kernels of this type are wrinkled and have white to yellowish colorations. : This type of corn has small hard kernels, almost spherical, which explode at high temperatures, producing the popular snack. : This type of corn is suitable for the production of starches. Maize ( Poaceae / Gramineae corn maize maize history"
https://wikifarmer.com/yield-harvest-storage-of-wheat/,10/19/2023 20:04,"Yield, harvest, and Post-harvest handling of wheat Yield potential of wheat Grain Yield per hectare The farmer’s goal is to have a final yield that deviates as little as possible from the yield potential of the wheat variety used. However, the final yield depends on the variety, the soil type, the water and nutrient availability, the weather conditions, the length of the cultivation period, the success of weed management and plant protection, and the moment and method of harvest. For example, winter wheat, as well as irrigated (or well rainfed) wheat, has higher yields compared to spring (2–2.5 tonnes per hectare difference) and dry-cultivated wheat (He et al., 2013). Generally, wheat grain yield can range from less than 1 ton per hectare to more than 10 tonnes per hectare. Most (winter) wheat-growing areas produce around 3 to 7 tonnes per hectare, with the World Guinness Record at 16.52 tonnes per hectare (2018, New Zealand). Straw Yield per hectare Wheat is primarily cultivated for its grains. The straws of the plants usually remain on the field after harvest. However, some farmers choose to baling wheat straws and sell them as bedding for livestock to enrich their income. The straw yield depends on the wheat variety, the temperature, the water availability, the soil type, and combine header cutting height. Generally, the straw yield can range from 1.25 to 5 tonnes of dry matter per hectare based on variety, weather and combine harvest conditions(1). Harvest time of wheat The wheat harvest can start when the header can give a clean gain sample, and the crop has reached maximum kernel dry weight. This moment is when the crop has reached physiological maturity. From then onwards, the crop will accumulate no more yield, the stems are turning yellow, and the moisture content of the grains will start to decrease below 35-40%. Depending on the weather conditions, additional 10-14 days will be needed for the whole stem to dry out and the moisture content of the kernels to drop below 20% so that the mechanical harvest can start (2). However, most farmers prefer not to harvest at that moment and wait until the moisture content has dropped to the desirable 12,5%. Usually, the time they enter the field depends mainly on the moisture content of the grains and the availability of grain-drying facilities (3). When harvested manually, the grains can be collected when the moisture level is 25%, 4-5 days before they are dead ripe (4). Except for the moisture content of the wheat kernels, the farmer can base his/her decision for the harvesting time on other factors like: Delayed wheat harvesting can lead to wheat sprouts, decreased flour quality and grain weight (dry matter), and losses due to shattering of the grains during mechanical harvest. Wheat can be threshed by sickle, treading with cattle on the threshing floor, or power-driven thresher (combines). Most modern varieties mature-ripe evenly, making the mechanical harvest much easier and cost-effective. However, in some cases, farmers spray with glyphosate at the hard dough stage to accelerate the dry down of the crop (within a week from the application). However, this method has important disadvantages and is suggested to be avoided. Another technique used a lot in the past is swathing, but the high risk for pre-harvest sprouting has limited its use (6). Generally, it is best to start harvesting in the morning and not after a rainfall. Due to the high temperature, the low moisture content, and the operating machinery, there is a risk of fire. Be very careful and take preventive measures. Post-harvest handling of wheat grains Safe, long-term storage of wheat grains is possible when the moisture content is below 12%, ideally 10%. When the seeds are stored in bags, the moisture content should be even less, close to 9% (7). There are two main types of grain dryers: Storage There are different storage options like gas-tight sealable silo, non-sealed silo, grain storage bags, and grain storage sheds. You can examine the advantages and disadvantages of each choice before deciding where to store your grains. In case they decide to store the wheat seeds and to reduce the risk of losses due to infestation of the grains, the farmer or silo manager should follow specific steps and perform: → The silo (storing bins) should meet certain specifications. You can build, buy or rent an appropriate Storage Silo. The silo’s floor should be covered-paved, smoothed, clean, and dry with moisture insulation. Good aeration is also essential. You have to keep the area around the storage bins (3 meters or 10 feet radius) clean from grain residues and vegetation (9). The silo should be thoroughly cleaned and sanitized before placing the new grains. You can inspect the silo carefully for cracks or old grain residues (such as dust or false floors). Do not forget to clean the vents and repair any cracks or holes in the bins. Additionally, you can spray with certified (residual) insecticides on the floor and the walls of the silo before storing the new grains. You can ask your local certified professional agronomist. → Place only healthy grains in the silo The moisture content and the temperature the wheat seeds will be stored will definitely affect the length of the storing period. → Chemical protection From the harvest moment, the farmer can apply protective products with the following active compounds: Pirimiphos-methyl, (S) – Methoprene (10). You should always consult your local licensed agronomist. The grains can be treated with certified insecticidal dust if necessary. Usually, it is advised to perform such treatments before placing the seeds in the storing bins, and in this case, the storing will last more than a year. If the grains are stored in areas where the temperature and the humidity levels are high, then a grain protectant is important to be applied, sometimes followed by a capping treatment (application at the top of the grain mass). To protect from storage pests, it is common to fumigate and keep the room sealed for 24 hours. This technique is best to be applied only in gas-tight sealable storage to avoid the development of phosphate resistance in insects. For controlling rodents like rats, zinc phosphide is very effective. Some common grain disinfectants are Phosphine, Sulfuryl fluoride, and Dichlorvos. Products with such active compounds can control the pest population (all pest growth stages) in already infested grains. Some common grain protectants are Pirimiphos-methyl, Fenitrothion, Chlorpyrifos-methyl, Methoprene, and Deltamethrin (7). Depending on the product the farmer will use, he/she should follow the product’s label instructions and of course ask the local licensed agronomist. → Regular inspections Extended on-farm storage of harvested seeds increases the risk of post-harvest losses due to pathogens (mold), rodents, and stored grain pests, even when the previous steps have been followed. When the temperature inside the silo is above 13-15.5°C (55-60°F), then the inspection should be performed more often (around once a week), while when the temperature is below 13°C (55°F), the inspection can be performed once every 2 weeks (9). Except for the visual inspection, the farmer should take representative samples from the grain piles and examine them for insect damage-presence and fungal contamination. Keep in mind that when the temperature is low, it is better to take sample from the center of the piles where it is more probable to find any insects at that time. In combination with sampling, the farmer can use probe traps to track the species and numbers of stored product insects. Quality Tests To facilitate the quality classification and specify the end use of the harvested grains, it is essential to perform quality tests (5). Such tests will focus on the following: As mentioned before, the grain quality is highly affected by the post-harvest handling and storage conditions as well as by on field management practices throughout the cultivation period of wheat. To reach the market standards, the farmer needs to take all necessary measures and be aware of the impact of each action on the grain quality characteristics. He, Z., Joshi, A. K., & Zhang, W. (2013). Climate vulnerabilities and wheat production. The wheat harvest can start when the header can give a clean gain sample, and the crop has reached maximum kernel dry weight. This moment is when the crop has reached physiological maturity. From then onwards, the crop will accumulate no more yield, the stems are turning yellow, and the moisture content of the grains will start to decrease below 35-40%. Depending on the weather conditions, additional 10-14 days will be needed for the whole stem to dry out and the moisture content of the kernels to drop below 20% so that the mechanical harvest can start ( ). However, most farmers prefer not to harvest at that moment and wait until the moisture content has dropped to the desirable 12,5%. Usually, the time they enter the field depends mainly on the moisture content of the grains and the availability of grain-drying facilities ( ). When harvested manually, the grains can be collected when the moisture level is 25%, 4-5 days before they are dead ripe ( The weather conditions The risk of disease dispersal. This is especially important for varieties susceptible to fusarium head blight. Farmers often scout the field and start harvesting even at 20% moisture content ( ) in case of infection. During harvest, you can remove some of the grain that is more lightly infected by the fungus by turning up the air and blowing it out of the back of the header with the straw ( ). Always keep the infected grains separately from the healthy ones. The risk of lodging and pre-harvest sprouting. Start harvesting first the fields with the highest risk and most susceptible varieties. The availability of personnel, machinery and appropriate dry and storage facility, etc. Dryers using heat air in temperatures greater than 38° C (100° F). This is a fast process and is more appropriate when the grains have been harvested with high moisture content. Natural-air and low-temperature dryers. The grains are slowly dried in storage over 3-6 weeks. With this method, the dried grains have higher weight, germination, and less breakage ( You can build, buy or rent an appropriate Storage Silo. The silo’s floor should be covered-paved, smoothed, clean, and dry with moisture insulation. Good aeration is also essential. You have to keep the area around the storage bins (3 meters or 10 feet radius) clean from grain residues and vegetation ( ). The silo should be thoroughly cleaned and sanitized before placing the new grains. You can inspect the silo carefully for cracks or old grain residues (such as dust or false floors). Do not forget to clean the vents and repair any cracks or holes in the bins. Additionally, you can spray with certified (residual) insecticides on the floor and the walls of the silo before storing the new grains. You can ask your local certified professional agronomist. From the harvest moment, the farmer can apply protective products with the following active compounds: Pirimiphos-methyl, (S) – Methoprene ( ). You should always consult your local licensed agronomist. The grains can be treated with certified insecticidal dust if necessary. Usually, it is advised to perform such treatments before placing the seeds in the storing bins, and in this case, the storing will last more than a year. If the grains are stored in areas where the temperature and the humidity levels are high, then a grain protectant is important to be applied, sometimes followed by a capping treatment (application at the top of the grain mass). Extended on-farm storage of harvested seeds increases the risk of post-harvest losses due to pathogens (mold), rodents, and stored grain pests, even when the previous steps have been followed. When the temperature inside the silo is above 13-15.5° C (55-60° F), then the inspection should be performed more often (around once a week), while when the temperature is below 13° C (55° F), the inspection can be performed once every 2 weeks ( ). Except for the visual inspection, the farmer should take representative samples from the grain piles and examine them for insect damage-presence and fungal contamination. Keep in mind that when the temperature is low, it is better to take sample from the center of the piles where it is more probable to find any insects at that time. In combination with sampling, the farmer can use probe traps to track the species and numbers of stored product insects. To facilitate the quality classification and specify the end use of the harvested grains, it is essential to perform quality tests ( ). Such tests will focus on the following: Protein content Protein quality Falling number Impurities (Screenings) Hardness Weight: By determining the hectolitre weight of grains, the miller can predict the flour yield. https://www.canr.msu.edu/wheat/uploads/files/Wheat-101-report-2021-final%20-%20web.pdf https://extension.umn.edu/small-grains-harvest-and-storage/managing-wheat-harvest https://www.sepwa.org.au/phocadownload/projects/high_moisture/highmoisturebookfinal.pdf https://grdc.com.au/resources-and-publications/grownotes/crop-agronomy https://extension.umn.edu/small-grains-harvest-and-storage/ https://grdc.com.au/resources-and-publications/grownotes/ https://extension.umn.edu/small-grains-harvest-and-storage/drying-wheat-and-barley#adding-heat-1407512 https://site.extension.uga.edu/applingcrop/2019/08/protecting-stored-corn/ https://ipm.missouri.edu/cropPest/2014/10/Insect-Management-Recommendations-for-On-Farm-Stored-Grain/ harvesting wheat storaging wheat wheat"
https://wikifarmer.com/category/maize-corn/,10/19/2023 20:04,"Maize (Corn) What is Silage, and How to Produce it The Push-Pull Strategy: Controlling Stemborers and Striga to Increase Corn Yields Yield, Harvest and Post-harvest handling of Maize How to successfully control weeds in corn cultivation for higher yields Maize Fertilizer Requirements Maize Water Requirements and Irrigation Systems Maize Pests and Diseases Maize Soil preparation, Soil requirements and Seeding requirements Principles for selecting the best maize variety How to Grow Corn for Profit – Maize growing guide Silage is a type of forage produced by fermenting plant matter under anaerobic conditions until it’s acidified. It is used to feed domestic animals such as sheep, goats, and pigs, […] Do you lose your maize yield due to stemborers and Striga? Learn how the push-pull habitat management approach leads to higher yields of maize Stemborers and Striga weeds cause significant losses to […] Maize Yield estimation per hectare Depending on the end commercial use of the final product, the farmer may be interested in the grain or biomass yield of maize plants. The […] Maize Weed Management Weed management is maybe the most expensive activity in maize cultivation, but is absolutely necessary. The reason is that the weeds compete with maize plants for water, […] Corn Fertilizer Requirements First of all, you have to consider the soil condition of your field through semi-annual or annual soil testing before applying any fertilization method. There are no […] How to design an irrigation schedule for maize, and what irrigation systems are available? To avoid stressing the crop, farmers need to design an appropriate irrigation schedule that covers the […] Which are the most important pests and diseases in maize? Maize is a high-yielding crop, but in order to reach its potential, the farmer should protect the health of the […] Corn needs loose soils that offer proper aeration and drainage and at the same time maintain sufficient amounts of water close to roots. Too heavy or too sandy and poorly […] Guide for corn variety selection – Factors and characteristics to take into account for choosing the most appropriate variety of maize. The selection of the cultivated maize variety is one […] Introduction to Maize Farming – Corn Production Manual In a few words, corn is a warm-period annual grass used for the production of various products. To start corn farming, someone […]"
https://wikifarmer.com/wheat-plant-information-history-and-nutritional-value/,10/19/2023 20:04,"Wheat plant information The history of wheat cultivation and its importance to the Global Food System Uses and Nutritional Value of wheat Wheat is considered to be the most important staple food globally. Up to 55% of the population of the world depends on this crop for 20% of calory intake (1). The crop prevails in temperate zones and is an important source of income for millions of small and medium holder farmers. Wheat belongs to the grass family (Poaceae), and it is a C3, annual (or biennial) plant. The crop is mostly cultivated to produce grains, but it can also be used as an annual forage crop (hay and silage) or as pasture. In this case, the harvest takes place a bit earlier in the soft dough stage or at the boot stage. Wheat plants grow as a bunch grass with the production of a central erect stem, 1.2 m (4 ft) high, and numerous tillers (up to 35). Some of the tillers will enter the reproduction stage and contribute to the final yield, while others will not. To identify wheat species from other grain crops (especially in the early stages), many people check if the short auricles and the leaf sheath are hairy or not. In the wheat species, auricles are hairy while leaf-sheath is not (2). Winter wheat plants tend to produce more leaves than spring wheat, but in both cases, the last leaf produced, called the “flag leaf,” is the most important, due to its higher photosynthetic rate. Farmers should take all necessary measures to protect the health of the flag leaf since it contributes significantly to the development of the ear. Wheat can be cultivated as a winter or spring crop. The cultivation period lasts up to 6-8 months for winter types while it can be a bit shorter for spring types. However, wheat can also be cultivated as an intermediate crop for 3-4 months. In all cases, from the sowing moment until harvest, wheat plants develop through certain stages (3): The time duration of each growth stage depends on the variety/cultivar, the temperature, day length, and sowing date of the crop. In general, when wheat is cultivated as a winter crop, tillering and head development stages last longer than the corresponding stages in spring-type wheat. For recognizing the different developmental stages of spring wheat, you can refer to the detailed guide of the University of Minnesota Extension (9). Wheat numbers many species that belong in the Triticum genus, but the most important and widely cultivated is the Triticum aestivum (common or bread wheat) that together with T. turgidum was domesticated approximately around 7500 BC at the ‘Fertile Crescent’ area in Near and the Middle East (Bell, 1987, 4). The first initially cultivated species were the diploid Einkorn (Triticum monococcum) and the tetraploid Emmer wheat (Triticum dicoccum). The natural hybridization and the selection from the farmers “gave birth” to Durum, Spelt, and Common bread wheat (hexaploidy, six copies of the chromosomes). Wheat cultivation gradually expanded to the Balkans, central and western Europe. As the crop domesticated, farmers, breeders, and scientists selected and favored specific plant characteristics, thus they changed the physiology of wheat plants. As a result, the cultivars became shorter in height, while the number of tillers (per plant) generally reduced as well. Today, the constantly increasing demand for the crop has expanded the cultivation range, from 67°N in Scandinavia and Russia to 45°S in Argentina (Feldman 1995). Of the total global production that is close to 761 million tonnes (FAOSTAT 5), 95% is bread wheat, while 4% is Durum (pasta wheat, Triticum turgidum) wheat and 1% Dicoccum (1). The latest data show that the countries with the highest wheat production are: China, India, Russia U.S, and France, while Ireland, the Netherlands, and New Zealand hold the records for yield production per hectare (6). Nowadays, scientists worldwide are “competing” to improve the yield and resistance of the crop to satisfy the global need of feeding 9.2 billion people by 2050, aiming at a 1.2% yield grain increase yearly (7). The rich nutritional value of whole wheat, the amount and quality of the gluten that contains and offers energy and builds muscular tissue, as well as the long storage life, have made it the primary cereal for producing bread worldwide. Roughly 1 bushel of wheat weighs 27,2 kg (60 lbs), contains around 1.000.000 kernels, and can produce 19,05 kg (42 lbs) of white flour and pasta. The nutritional value of 100 g of raw whole-grain wheat (bran, endosperms, germ) (8): To eliminate nutritional diseases like beriberi and pellagra, white flour has been enriched with B vitamins, thiamine, iron, riboflavin, niacin, and later folic acid. However, during the refining process of wheat, the germ is removed, leading to the loss of vitamins and minerals, aggravating digestive and nutritional disorders. Based on scientific evidence, it has been found that the baking process reduces the digestibility of wheat gluten proteins (Smith et al., 2015). The most common gluten digestibility intolerance is celiac disease, and people suffering from it should avoid consuming products containing high amounts of gluten. Depending on the wheat species used, it can also be processed in different ways and used to produce numerous other food products like biscuits, pasta, noodles, chappatis, wheat beer, cosmetics, and meat substitute products (Kumar et al., 2011). While the kernels are the main plant part that is mostly used, straws of wheat plants can also be used as mulch, biomass for fuel production, part of compost, and for thatching, among others. Finally, to successfully cultivate wheat and obtain high yield and good quality kernels, the farmer needs to invest some time in order to find the most suitable variety, prepare his/her soil in the best possible way before sowing and form an appropriate schedule for irrigation, weed management, and fertilization. Furthermore, in all growth stages, the farmer needs to take proactive and control measures to ensure the health of the plants and store the harvested products with caution, following the guidelines that will be further analyzed in the following articles. Bell, G. D. H. (1987). The history of wheat cultivation. In Wheat breeding (pp. 31-49). Springer, Dordrecht. Kumar, P., Yadava, R. K., Gollen, B., Kumar, S., Verma, R. K., & Yadav, S. (2011). Nutritional contents and medicinal properties of wheat: a review. Life Sciences and Medicine Research, 22(1), 1-10. Smith, F., Pan, X., Bellido, V., Toole, G. A., Gates, F. K., Wickham, M. S., … & Mills, E. C. (2015). Digestibility of gluten proteins is reduced by baking and enhanced by starch digestion. Molecular nutrition & food research, 59(10), 2034-2043. Yield-Harvest-Storage of Wheat ). The crop prevails in temperate zones and is an important source of income for millions of small and medium holder farmers. Wheat belongs to the grass family ( Poaceae To identify wheat species from other grain crops (especially in the early stages), many people check if the short auricles and the leaf sheath are hairy or not. In the wheat species, auricles are hairy while leaf-sheath is not ( ). Winter wheat plants tend to produce more leaves than spring wheat, but in both cases, the last leaf produced, called the “flag leaf,” is the most important, due to its higher photosynthetic rate. Farmers should take all necessary measures to protect the health of the flag leaf since it contributes significantly to the development of the ear. ): Wheat numbers many species that belong in the Triticum genus, but the most important and widely cultivated is the Triticum aestivum (common or bread wheat) that together with T. turgidum was domesticated approximately around 7500 BC at the ‘Fertile Crescent’ area in Near and the Middle East (Bell, 1987, ). The first initially cultivated species were the diploid Einkorn ( Triticum monococcum ) and the tetraploid Emmer wheat ( Triticum dicoccum ). The natural hybridization and the selection from the farmers “gave birth” to Durum, Spelt, and Common bread wheat (hexaploidy, six copies of the chromosomes). Wheat cultivation gradually expanded to the Balkans, central and western Europe. As the crop domesticated, farmers, breeders, and scientists selected and favored specific plant characteristics, thus they changed the physiology of wheat plants. As a result, the cultivars became shorter in height, while the number of tillers (per plant) generally reduced as well. Today, the constantly increasing demand for the crop has expanded the cultivation range, from 67°N in Scandinavia and Russia to 45°S in Argentina (Feldman 1995). Of the total global production that is close to 761 million tonnes ( FAOSTAT 5), 95% is bread wheat, while 4% is Durum (pasta wheat, Triticum turgidum ) wheat and 1% Dicoccum ). The latest data show that the countries with the highest wheat production are: China, India, Russia U.S, and France, while Ireland, the Netherlands, and New Zealand hold the records for yield production per hectare ( ). Nowadays, scientists worldwide are “competing” to improve the yield and resistance of the crop to satisfy the global need of feeding 9.2 billion people by 2050, aiming at a 1.2% yield grain increase yearly ( 7 340-360 kcal 10.3 g protein (gluten) 1 g total fat 73.6 g carbohydrates 2.7 g fiber 15 mg Calcium 1.2 mg Iron 22 mg Magnesium 108 mg Phosphorus 107 mg Potassium 2 mg Sodium 0.7 mg Zinc 0.1 mg Thiamin (B1), 0.04 mg Riboflavin (B2), 1.3 mg Niacin (B3), 0.04 mg Vit. B6 26 DFE Folate https://iiwbr.icar.gov.in/wp-content/uploads/2018/02/EB-52-Wheat-Cultivation-in-India-Pocket-Guide.pdf http://www.uwyo.edu/plantsciences/uwplant/forages/small-grains/wheat.html https://mccracken.ca.uky.edu/files/identifying_wheat_growth_stages_agr224.pdf https://www.fao.org/land-water/databases-and-software/crop-information/wheat/en/ https://web.archive.org/web/20150906230329/http:/faostat.fao.org/site/567/DesktopDefault.aspx?PageID=567#ancor https://ourworldindata.org/crop-yields https://www.cimmyt.org/news/new-publications-the-importance-of-wheat-in-the-global-food-supply-to-a-growing-population/ https://knowledge4policy.ec.europa.eu/health-promotion-knowledge-gateway/whole-grain-nutritional-value-whole-2_en Spring wheat growth and development guide (umn.edu) Kumar, P., Yadava, R. K., Gollen, B., Kumar, S., Verma, R. K., & Yadav, S. (2011). Nutritional contents and medicinal properties of wheat: a review. Life Sciences and Medicine Research (1), 1-10."
https://wikifarmer.com/category/cereals/wheat/,10/19/2023 20:04,"Wheat Weed Management in Wheat Farming Yield, Harvest, Storage of Wheat Wheat Pests and Diseases Wheat Fertilizer Requirements Wheat Irrigation Requirements and Methods Wheat Soil preparation, Soil requirements, and Seeding requirements Principles for selecting the best Wheat Variety Wheat Plant Information, History and Nutritional Value The wheat crop can be infested with a great variety of weed species. This is because it grows under diverse agroclimatic conditions, different irrigation methods, different tillage systems, and crop […] Yield, harvest, and Post-harvest handling of wheat Yield potential of wheat Grain Yield per hectare The farmer’s goal is to have a final yield that deviates as little as possible […] Crop protection measures against pests and especially diseases are usually necessary to protect the wheat crop’s health, yield, and grain quality. Wheat is susceptible to more than 30 diseases caused […] Wheat Fertilizer Plans and Common Methods First of all, you have to consider the soil condition of your field through semi-annual or annual soil testing before applying any fertilization method. […] Water requirements of wheat When does wheat need irrigation? Depending on the species/cultivar of wheat, both the time of the year that is cultivated as well as the length of […] Wheat is a widely adaptive crop and does not have very strict soil requirements to grow. There is a great variety of wheat cultivars, with the main classification to be […] How to select the best wheat variety – Guide for wheat variety selection The selection of the most appropriate variety for your specific field is one of the critical factors […] Wheat is considered to be the most important staple food globally. Up to 55% of the population of the world depends on this crop for 20% of calory intake (1). […]"
https://wikifarmer.com/yield-harvest-and-storage-of-barley/,10/19/2023 20:04,"What is the average yield per hectare of barley? When and how to harvest barley? How to properly store barley? This post is also available in: Español (Spanish) Français (French) Deutsch (German) Nederlands (Dutch) हिन्दी (Hindi) العربية (Arabic) Türkçe (Turkish) 简体中文 (Chinese (Simplified)) Ελληνικά (Greek) Português (Portuguese (Brazil)) polski (Polish) During the last five years, the average spring barley yield has been around 7.2 tons per hectare or 107.06 bushels per acre, while the average yield for winter barley is a little bit higher. About 10% of the spring barley goes for malting (1). Needless to say that these yield can be obtained by experienced growers in irrigated fields. In fields that rely only on rain, the yields can be about 50% to 60% of those mentioned above. A critical developmental stage in barley that is believed to control adaptation to the environment and affect grain yield is the heading time. Of course, planting date and genetics also affect the final yield. As a result, a proper choice of adapted cultivars, planting dates, and fertilizer management, can help farmers optimize barley production while adjusting heading dates to periods with low risks of heat or frost. This way, the gap between the potential and actual yield can be reduced, which is the goal of every grower. Nitrogen management is the main factor that creates the gap between potential and actual yield (Cammarano et al., 2021). The three main factors that determine barley harvest time are the weather, the barley variety, and the maturity level of the plant. Generally, it is recommended to harvest when the moisture content is below 12%. However, if the grower harvests when the moisture content is above 12%, he/she has to apply aeration or pass the production through a grain dryer to succeed the desired moisture content for safe storage. When it comes to malting varieties, farmers usually harvest barley when its moisture is less than 18%. In other words, they proceed with harvesting when the plants have reached physiological maturity (dough stage) (2). The most common machinery used is a combined harvester. Straight-cutting and swathing are the two standard barley harvesting methods. Before harvest, farmers have to choose between selling their products directly or storing them for a specific period. In the first scenario, the farmer should have already found a buyer (that is the case in contract farming), and he/she does not have to worry about over-drying or storage costs. However, in this case, since the product offer is relatively high, the prices that the barley can get are probably fairly low. By storing the product, the farmer has the opportunity to sell when the prices have reached a higher, more desirable level. Every farmer knows that post-harvest handlings of every crop play an essential role in the final product’s quality. However, barley’s quality cannot be improved during storage. If the crop has been harvested and dried improperly, the quality will remain low no matter how well it is stored. Below some crucial points regarding storage are mentioned (3): Hordeum vulgare"
https://wikifarmer.com/category/cereals/barley/,10/19/2023 20:04,"Barley Barley History, Plant Information, and Nutritional Value History of Barley Common barley (Hordeum vulgare L.) comes from the wild plant Hordeum spontaneum. Several findings from the Fertile Crescent indicate that barley was domesticated 10,000 years ago and […]"
https://wikifarmer.com/how-to-grow-alfalfa/,10/19/2023 20:04,"Lifecycle of Alfalfa Crop In a few words, alfalfa can be sown during autumn or spring. Suppose we sow the seeds during the spring of year 1. If all things go right, about 60-65 days later, we can normally harvest our first cut. 35-45 days later, we can harvest the second cut, and generally every 35-45 days we can harvest alfalfa cuts up until late fall (the end of October – November) of year 1. At this point, the plant will prepare itself for the winter. It normally shrinks and stops developing until the next spring (year 2). If we take care of the plants, during the period spring-late fall of year 2 we can also harvest alfalfa cuts every 35-45 days. The same applies to years 3 and 4. Most farmers stop cultivating alfalfa after the 4th year, because the yield has decreased significantly (it may drop 15% every year). However, there are reported cases in which alfalfa plants continue to give remarkable production yields after 6-7 years or even more. Most farmers plow and destroy the crop at the end of the fourth year, and they rotate to a cereal."
https://wikifarmer.com/alfalfa-plant-information/,10/19/2023 20:04,"Alfalfa plant is a perennial legume with trifoliate leaves and blue to violet flowers. It belongs to the family of Fabaceae (the Pea and Bean family). It is the most important forage crop in the world. Alfalfa plant is a natural source of nitrogen, because it hosts symbiotic soil bacteria (rhizobia) in the root nodules that “fix” (bind and deposit) nitrogen from the air into the soil. Thus, it makes nitrogen accessible to other plants. Alfalfa plant is highly adaptable to varying cultivation and weather conditions. It can show great tolerance to draught. This can be achieved due to its root system, that can go deep up to 15-30 ft. (4.5 to 9 m), searching for water and nutrients. The average length of the root is 4-5 ft (1.2-1.5 m). The upper part of the plant is shorter compared to the root system. The plant’s height ranges from 2 to 4 ft (60 to 120 cm). Alfalfa plant thrives in well drained soils, as soggy soils promote the development of various diseases. You can enrich this article by leaving a comment or photo of your alfalfa plants. 1.) Alfalfa Uses & General Info 2.) Alfalfa Plant Information 3.) How to grow Alfalfa 5.) Sowing and Seeding Rate of Alfalfa 6.) Alfalfa Fertilizer Requirements 7.) Alfalfa Water Requirements 8.) Alfalfa Harvest & Yield per Acre 9.) Alfalfa Crop Rotation 10.) Q&As Alfalfa alfalfa lucerne Medicago sativa"
https://wikifarmer.com/how-to-grow-cotton/,10/19/2023 20:04,"Cotton Cultivation – Growing Cotton from Seed As it happens with tomato, pepper and other plants, cotton plants are perennial by nature. However, since we expect to take a fairly uniform and satisfactory production every year, we cultivate it as annual. Unfortunately, cotton can only be cultivated commercially in areas with specific growing conditions. Buying fresh and carefully selected cotton seeds is the first step towards a good yield. The second step is the field preparation, so that it can welcome the seeds and facilitate their germination. Sowing of cotton seeds takes place during spring. Fertilization, Irrigation and Pest Control are extremely important for having a good yield and represent the majority of costs. Unfortunately, cotton plants are very sensitive to various weeds, which compete with them in terms of water, nutrients and access to sunlight. Cotton weed control techniques and management differ significantly between countries. Cotton harvest takes place during autumn. Immediately after the harvest, we destroy the plants, so that we can sow the seeds again next spring in an empty field. In most areas of US, sowing takes place during March-May and harvesting is performed between August and October. In Australia, sowing takes place during September-November and harvesting from March to May. You can enrich this article by leaving a comment or photo of your cotton field management methods and techniques."
https://wikifarmer.com/category/forage/,10/19/2023 20:04,"Forage Q&As Alfalfa Alfalfa Crop Rotation Alfalfa Harvest & Yield per acre Alfalfa Water Requirements Alfalfa Fertilizer Requirements Sowing and Seeding Rate of Alfalfa Alfalfa Soil Requirements – Variety Selection – Weed Management How to grow Alfalfa Alfalfa Plant Information What is the scientific name of alfalfa? Medicago sativa Can people eat alfalfa? Yes humans can eat alfalfa, which is an excellent source of vitamins, proteins and minerals etc. If […] Most farmers stop cultivating their alfalfa stands after the 4th year, because the yield has decreased significantly (it may drop 15% every year). As it happens in many other plants, […] Harvest of alfalfa normally takes place just before the flowering. Many experienced farmers claim that it’s possible that you will never see alfalfa blossoms from seeding through plow down. The […] How to irrigate Alfalfa Although alfalfa is a drought tolerant plant, it needs certain levels of soil moisture in order to give sustainably high yields for 4 years. As a […] Alfalfa Fertilization Alfalfa gets adequate nitrogen supply from its symbiotic relationship with nitrogen fixing Rhizobium bacteria. The average hectare of alfalfa will fix about 1100 lbs. (500 kg) of […] How to sow Alfalfa seeds – Alfalfa Seeding Rate and Number of Plants per Acre Alfalfa seeds can be sown during autumn or spring. It is more common to sow […] There are over 200 known varieties of Alfalfa, but only 6-8 are used commercially at a great scale. Generally, different alfalfa varieties perform differently in various growing regions. We have […] Lifecycle of Alfalfa Crop In a few words, alfalfa can be sown during autumn or spring. Suppose we sow the seeds during the spring of year 1. If all things […] Alfalfa plant is a perennial legume with trifoliate leaves and blue to violet flowers. It belongs to the family of Fabaceae (the Pea and Bean family). It is the most […]"
https://wikifarmer.com/cotton-plant-information/,10/19/2023 20:04,"Cotton Plant Information Cotton Plant Wiki Cotton plant is a shrub and is widely cultivated in over 90 countries for its fiber and secondly for seeds. About 2,5% of world cropland is planted with cotton. It is an angiosperm, dicotyledonous plant, which belongs to the family of Malvaceae. It is native to Asia and Africa. Exactly as it happens with tomatoes, peppers and other plants, cotton is natively a perennial plant, but nowadays we cultivate it as annual. This means that we sow the seeds during spring, we harvest the cotton during autumn, and then we plow and destroy the plants, so that we can sow again next spring in an empty field. The most widely cultivated cotton species are: Cotton is grown in areas with warm climate. China, US, Uzbekistan, Brazil and Turkey are some of the world leading countries in producing cotton. In United States, cotton is commercially cultivated mainly in the southern states (Texas, California, Georgia, Arkansas, Oklahoma etc.) You can enrich this article by leaving a comment or photo of your cotton plants. 1.) Cotton Plant Information 2.) How to grow Cotton 3.) Cotton Plant Growing Conditions 4.) Cotton Sowing – Seeding Rate – Number of Plants per Acre & Hectare 5.) Cotton Plant Pollination 6.) Cotton Plant Fertilizer Requirements 7.) Cotton Water Requirements 8.) Cotton Harvest & Yields 9.) Cotton Weed Control 10.) Q&As Cotton cotton Gossypium barbadense Gossypium hirsutum"
https://wikifarmer.com/how-to-grow-common-sage-for-profit-commercial-common-sage-production/,10/19/2023 20:04,"Growing Sage for Profit – Summary Growing Sage for profit has raised much attention during the last two decades. The crop lasts from 6 to 10 years or even more and can give products that can target different industries. Fresh and dried leaves are added in sausages, meat, fish, salads and various other foods. Moreover, the essential oil of sage is globally recognized as a respected product that is used in fragrance, cosmetic, personal hygiene and insect repellent industries. Under special handling, the plant can be harvested 2 or even 3 times a year (from the second year onwards), making it a profitable specialty crop, if the local conditions are optimum. Sage Climate and Soil requirements The plant is very resilient and adaptable and can thrive even in poor soil. Sage plants can grow and give an average yield in nearly all well-drained soils. They can withstand pH from 5,5 to 8. However, the best yields are often achieved in soils with a pH close to 7 and with very good drainage. The climate is the most important restrictive factor when growing Sage. The plant originated from Southeastern Europe and prefers a Mediterranean climate, with mild winters and long summers. However, it can withstand the cold for a few days (-10oC for approximately a week). Additionally, it can thrive in altitudes up to 5000 ft. (1500 m). Common Sage flourishes in sunny locations. Salvia can also be cultivated in plateaus. The optimum soil temperature for sage is between 60º-70ºF (15-21°C). Common Sage Propagation – Seeding Rate Common Sage can be propagated by i) direct seeding in the field, ii)seeding in pots and then transplanting and iii) by cuttings. Propagation by seeds in an indoor protected environment begins in early spring (March) and the transplanting takes place after the last frost during spring. However, some producers transplant the seedlings in autumn. As a general rule, herb producers prefer vegetative propagation over sexual reproduction (by seeds), because this will ensure that they will have clones of the mother variety. However, Salvia officinalis and some other aromatic and medicinal plants are also propagated by seed at a large scale. Sage seeds are generally bigger compared to lavender, thyme, and basil. They will germinate easily given the proper circumstances. Direct Seeding If you seed directly into your field, you will need 400-500g (15-17 oz) of sage seeds per hectare. In the case of direct seeding, we will have to hand weed nearly every week, as weeds will emerge between our sage plants. We will also have to thin the plants so that we will finally leave the proper number of plants per hectare, something that will promote crop aeration and general health. Propagation by Cutting If we intend to plant during spring, cuttings are cut 4.0-4.7 inches (10-12 cm) in the late autumn, The rooting procedure will normally last for about 5-6 months. We can pinch some leaves in the spring when the plant has grown, in order to encourage young shoots to grow and stronger flavor. Planting Common Sage – Number of Common Sage Plants per Hectare When transplanting sage seedlings in the field, the average space between the rows can be 30-35 inches (75-90 cm) and the space between the plants in the single row can be 24-28 inches (60-70 cm). Planting distances depend on the variety selected. For example, we can space smaller varieties at about 11 inches (30 cm) and the large varieties at about 32 inches (80 cm). The plant population of Sage plants is 12.000 – 24.000 plants/ha (1 hectare=2,47 acres = 10,000 m²). The density varies also according to the type of soil. For example, if we have poor soil, then we normally want to increase the number of plants per hectare in order to maximize our yield. On the contrary, if the soil is rich, we will place plants further apart and encourage them to develop a greater leaf surface. The altitude can also affect our planting distances. As a rule of thumb, sage plants in high altitudes are planted more densely, so that they can be protected from cold wind. In humid conditions, it is better to leave greater distances between plants in the row and between the rows, so as to increase air circulation. Common Sage Water Requirements Sage can be grown in areas without any additional irrigation or fertilization. It is considered a dry crop and some farmers have reported that they can harvest a product of higher quality in some varieties if they do not irrigate. Nonetheless, irrigation promotes plant rapid regeneration and is perfect if we expect more than one harvesting session per year. Thus, if we decide to irrigate by taking all the necessary precautions, we may achieve a second or a third harvest in a given year. Although Common Sage is drought tolerant, irrigation can help the young plants thrive. Drip irrigation and flooding is used by many producers, but other irrigation methods such as sprinkler can be applied as well. Common Sage Fertilizer Requirements Sage is famous for growing in non-fertile soils that are unsuitable for many other crops. According to old farmers, sage and lavender are examples of crops that do not need any fertilizer. However, growing commercially sage in today’s competitive landscape requires certain steps towards monitoring, improving and enriching soil nutrients, so that our plants can give high yields for 10-12 years. As it happens in every other crop, there can’t be any universal fertilization practice, because every field is different and has different needs. Performing soil analysis once a year is extremely important in order to diagnose nutrient deficiencies and take corrective actions, under the guidance of a licensed agronomist. Some Sage farmers report that adding a balanced fertilizer (N:P:K) 5:5:5 at a rate of 700lbs (318kg) per hectare does have a significant increase in plant material yield, especially when we anticipate multiple harvesting sessions a year. Normally, this quantity is often split in 2 or 3 applications, with the first starting immediately after the first harvest. When growing Sage for essential oil, we may have to consider foliar application (N:P:K 20:20:20) and arbuscular mycorrhizal colonization. According to the Society of Chemical Industry (1), a certain arbuscular mycorrhizal colonization and foliar application pattern resulted in increased quality and quantity of sage essential oil collected. However, in other experiments (2), bio-fertilizers (N-fixer bacteria) had no effect on yield or chemical composition of essential oil yield. However, these are just common patterns that should not be followed without making your own research. Every field is different and has different needs. Your sage plants may or may not give higher yields in essential oil or plant material after the application of fertilizers. You can seek advice from a licensed agronomist after conducting a soil analysis. Common Sage Weed Management Unfortunately, sage plants often suffer from weeds, which compete with plants in terms of space, access to sunlight, water and nutrients. The presence of weeds will have a negative effect in the quantity of fresh plant material harvested as well as in the quality of essential oil. It is necessary for all sage growers to have a sound weed control strategy, which may differ significantly between countries, law framework, means of production, the industry at which the product targets etc. Manual weed control on a weekly basis is almost necessary in some cases (organic production). Some sage farmers cover the part of the soil that is located between the plant rows with a special black mat. They also cover with this black mat the space between the young plants inside the row. The black mat prevents the development of weeds while increasing the soil temperature. Common Sage Pests and Diseases Common Sage often suffers from Aphids. Moreover, the plant is sensitive to root rot when the soil is not well-drained and when we over-irrigate. The key to growing healthy Sage plants is to build an unwelcoming environment to pests. We can grow our Sage plants in the sun. We can water regularly, but keep the soil well-drained. We may also have to remove any dead leaves or flowers. We can also remove any unwanted weeds that can attract various insects. If you have taken all necessary precautions and the problem persists, you may seek advice from your local licensed agronomist. Common Sage Harvest Salvia officinalis is harvested for its leaves (fresh and dry plant material) and for the essential oil. In general, we can harvest 2 or even 3 times a year. However, performing multiple harvesting sessions per year is not an easy task and requires experience. It may also require irrigation and fertilization between the harvesting sessions so that the plants will be encouraged to regenerate quickly. We can proceed to multiple harvesting sessions from the second year onwards. Experiments (3) have shown that the maximum quality and quantity of essential oil is achieved when we harvest at the flowering stage rather than at the vegetative stage. According to other experiments (4), the second cut (normally late summer – August) gives considerably higher yields in the dry herb and essential oil than the first harvest, which is carried out during late spring -May. Generally, we have to wait for the plant to form a lot of leaves before harvesting for the first time. In developing countries, farmers harvest sage by cutting with scissors just under the first set of leaves. Sage can also be harvested mechanically via machines attached to tractors. Those machines cut the stems in predefined lengths in order to promote new growth. Sage leaves will normally dry out quickly because they have a small water concentration. They can last for 2-3 weeks for fresh herbs and several months for dried herbs. After harvesting, we can dry the harvested parts in a shaded area or in a special dryer. We do this in order to discourage discoloration and safeguard the quality and concentration of the volatile oil. Common Sage Herb and Essential Oil Yield The essential oil that you can extract from dry material of Salvia depends on the variety, growing methods (fertilization, irrigation etc.) and the harvest date. The average yield of dry material (leaves) with two harvests in a year (for a crop older than two years) is 7000 kg per hectare. Keep in mind that 1 hectare=10,000m²=2,47 acres and 1 ton = 1000kg = 2200lbs. From this plant material, you can expect 8-20 kg of essential oil per hectare. This yield is annual (total yield per year) and is usually distributed between two or three harvesting sessions (late spring to early autumn). These figures presuppose healthy and mature sage plants managed by experienced growers. Check out Fresh Herbs Wholesale Prices and Essential Oils price per kg."
https://wikifarmer.com/category/special-crops/,10/19/2023 20:04,"Special Crops History, Uses, and Nutritional value of oilseed rape (Canola) Cotton Harvest & Yields Cotton Water Requirements Q&As Cotton Cotton Weed Control Cotton Plant Fertilizer Requirements Cotton Plant Pollination Cotton Sowing, Seeding Rate and Plant Population Cotton Growing Conditions How to grow Cotton What is the difference between canola and rapeseed oil? The confusion between canola and rapeseed or industrial rapeseed is quite common. Both are annual oil crops of great economic importance. […] Harvesting Cotton and Cotton Yield per Acre 5,5 to 6,5 months after sowing, cotton is normally ready to be harvested. As it happens in any other crop, knowing exactly which […] How to irrigate cotton plants – Cotton Irrigation As a rule of thumb, cotton plant needs a minimum of 500 mm of water between germination and boll formation. A […] Is Cotton planted every year? Yes. Exactly as it happens with tomatoes, peppers and other plants, although cotton is a perennial plant, we cultivate it as annual. This means that […] Cotton Weed Management Cotton plants are very sensitive to weeds, which compete aggressively with the plants in terms of water, sunlight and valuable nutrients. It is necessary for all […] How to fertilize Cotton Plants As it happens in every other crop, there can’t be any universal fertilization scheme, because every field is different and has different needs. Performing soil […] Some cotton plants are self-fertile and self-pollinating, while others need pollinators. Theoretically, the average self-pollinating cotton plant does not need bees in order to pollinate and produce fiber or seeds. […] How to sow cotton – Cotton Seeding Rate- Number of Cotton Plants per hectare Cotton seed is one of the most important parameters for a good yield. Only certified […] Cotton Plant Climate Requirements Cotton is a plant that needs a long frost-free period, a lot of heat and plenty of sunshine. It prefers warm and humid climate. Cotton seeds […] Cotton Cultivation – Growing Cotton from Seed As it happens with tomato, pepper and other plants, cotton plants are perennial by nature. However, since we expect to take a […]"
https://wikifarmer.com/how-to-grow-common-sage-for-beginners/,10/19/2023 20:04,"Growing Sage from Seed Planting Sage Beginners and amateurs gardeners can easily grow Common Sage or Garden Sage in their backyard. Sage prefers well-drained soil and full sun. It cannot thrive in shade. Some species are more drought tolerant than others, but generally common sage prefers moist soils. You can grow Common Sage indoors or outdoors, by seed, seedlings or cuttings. Salvia is mostly propagated either by buying seedlings and transplanting them or by planting seeds in pots indoors and then transplanting them in the garden. Growing Sage from seed might be a little time consuming because you will have to wait 1,5 years for the plant to mature, establish and produce many leaves that you can collect. However, if you decide to grow Sage from seed, you need to get sterilized potting soil. It is important to buy sterilized soil, because other types of soil may contain seeds from unwanted weeds. As a result, although you may think you are growing Sage, the emerged seedlings just might be a weed. Moreover, some seeds that you buy from your local nursery may need special handling in order to break their dormancy. Seed dormancy is a condition where the seed will not germinate unless it meets certain environmental conditions (ask your seller or a local agronomist for further instructions). It is better to sow 3-4 sage seeds per individual pot and water the pot every other day. About 25 days later, and provided the last frost has passed, we can transplant our seedlings into their final positions. If you are a beginner gardener, then buying a small plant and propagating later by cuttings is the easiest way. You can plant the seedlings in late spring (May) and place them 11-23 inches (30-60 cm) apart, depending on the variety. Sage normally blooms twice a year and its leaves are tastier when it is grown in full sun. However, the plant may need shade at noon in some very warm areas. Sage is drought tolerant but can thrive if the soil is well-drained. Some varieties might need staking (support) because they can grow 30 inches (76 cm) or more in height. The plants can also perform well in containers. We can harvest fresh sage leaves from the spring of the second year onwards. Fresh Herbs for Sale Dried herbs Bulk price Gardening"
https://wikifarmer.com/common-sage-uses-plant-information/,10/19/2023 20:04,"Common Sage Uses: Sage (Salvia officinalis L.) is an aromatic and medicinal, evergreen, perennial subshrub. It belongs in the Lamiaceae or Labiatea family, the family of Basil, Lavender and Thyme. The plant is native in Southeastern Europe, in the Mediterranean and in Northern Africa. The scientific name Salvia derives from the Latin word ‘salveo’ which means ‘salvation’, ‘to be in good health’, ‘to save’, ‘to heal’. Salvia officinalis includes more than 900 cultivars, but only a few are widely cultivated for profit. Common sage leaves are used for centuries in cooking and in traditional medicine. Moreover, sage is widely used as an ornamental plant. Salvia officinalis is mostly cultivated in Mediterranean countries (Spain, Italy, Morocco, Greece, Turkey), in the United States, in Poland and Romania and in some countries of the Adriatic (Albania). Generally, Salvia sp. is bushy and can grow from 16-60 inches (40-150 cm) depending on the variety. During the first year, the stem is green, but in the second year, it turns woody. Sage has opposite leaves, simple or pinnate, toothed or wrinkled and little hairy, with a color range from gray to gray-green, purple or silver. The leaves can grow up to 5 inches long (12 cm), and are often aromatic. Salvia flowers are short, two-lipped, erect spikes and -depending on the variety- can have a blue, purple, violet, green, red, pink, orange, yellow or white color. In some other cases, they can be multicolored. The flowers have both male and female organs. In most cases, Common Sage flowers bloom in the early summer (May) and they naturally attract many bees, butterflies and sometimes even small birds. Salvia officinalis"
https://wikifarmer.com/growing-german-chamomile-for-profit/,10/19/2023 20:04,"Growing German Chamomile for Profit Starting a German Chamomile Farm – How to grow commercially German Chamomile Growing commercially German Chamomile for essential oil and/or dried flowers has raised much attention during the last two decades. Matricaria recutita is a plant that can grow well in an average environment and can produce different products that can target different industries. German Chamomile essential oil has multiple uses, as it is used in the pharmaceutical, cosmetic, fragrance, personal care and beverage industries. The chamomile flower also contains valuable constituents, such as terpenoids, flavonoids and other compounds with reported pharmacological activity. Moreover, dried flowers of German Chamomile are used for preparing teas as well as various other products (e.g. skin lotions). The international market for German Chamomile oil has been growing during the last two decades and farmers from many countries consider shifting from traditional crops (wheat, maize) to German Chamomile. Growing commercially chamomile involves a series of activities. The plant is annual. The seeds can be either sown directly in the field or sown in a seedbed and transplanted 3-4 weeks later (there are pros and cons in each method). Irrigation, Fertilization, Pest Control and Weed Control are very important and affect greatly the final output. Harvesting the flowers is the most difficult and labor intensive operation when growing professionally German Chamomile. Unfortunately, not all the flowers are ready for picking at the same time. Consequently, most farmers employ small groups of workers that pick flowers every 2-4 days, in 3 or more harvesting sessions, within a period of 15-20 days. Processing, storing and distillation methods are also extremely important for the final yield of essential oil. You can enrich this article by leaving a comment or photo of your German Chamomile farm management and profitability. 12.) Dried Herbs Bulk Prices"
https://wikifarmer.com/how-to-grow-german-chamomile-at-home/,10/19/2023 20:04,"How to grow German Chamomile at home German Chamomile Plant Care Growing German chamomile in your yard is an excellent choice, either as an ornamental or as a way to have fresh material for teas. You can enrich this article by leaving a comment or photo of your German Chamomile growing methods and practices."
https://wikifarmer.com/german-chamomile-plant-information/,10/19/2023 20:04,"German Chamomile Plant Information German Chamomile Wiki German Chamomile is an annual herb that belongs to the family of Asteraceae – the family of sunflower and daisy. The plant has a smooth stem that reaches a height of 8-36 inches (20-92cm) and develops shallow roots. The flowers look like those of the daisy plant. They are consisted of white petals and a conical yellow center. The chamomile flowers can bloom between spring and autumn, but in most cases they bloom from late spring to early summer. The scientific name of German Chamomile is Matricaria recutita, Matricaria chamomilla or Chamomilla recutita. German Chamomile is one of the most important medicinal herbs. The plant can give a series of natural and high value products. It is widely cultivated commercially mainly for the essential oil that is contained in its flowers. German Chamomile essential oil has multiple uses, as it is used in pharmaceutical, cosmetic, fragrance, personal care and beverage industries. The chamomile flower also contains valuable constituents, such as terpenoids, flavonoids and other compounds with reported pharmacological activity. Moreover, dried flowers of German Chamomile are used for preparing teas as well as various other products (e.g. skin lotions). Finally, German Chamomile plant is grown as ornamental and is widely included in various flower arrangements. Russian, Poland, Hungary, Slovakia, USA, Canada, Australia and New Zealand are major commercial producers of German Chamomile. You can enrich this article by leaving a comment or photo of your German Chamomile plants. 1.) German Chamomile Plant Info & Uses 2.) How to grow German Chamomile at home 3.) Growing German Chamomile for Profit 4.) German Chamomile Growing Conditions 5.) Growing German Chamomile from Seed and Planting 6.) German Chamomile Water Requirements 7.) German Chamomile Fertilizer Requirements 8.) German Chamomile Weed Control 9.) German Chamomile Harvest 10.) German Chamomile Essential Oil Yield 11.) Q&As German Chamomile chamomile Matricaria chamomilla Matricaria recutita"
https://wikifarmer.com/growing-peppermint-for-profit/,10/19/2023 20:04,"Growing Peppermint for Profit How to grow Peppermint Commercially – Starting a Peppermint Farm Growing commercially peppermint for essential oil and/or fresh or dried leaves has raised much attention during the last two decades. Peppermint is a plant that can grow well in an average environment and can produce different products that can target different industries (soft drinks, fragrance, cosmetic, soap and detergents, food, tobacco etc.). Most commercial peppermint farmers grow peppermint mainly for essential oil, but they can supplement their income by harvesting a second cut that is unsuitable for essential oil. They harvest the fresh leaves during or just before full bloom (summer months -July in most areas of US). This is the first cut that is normally intended for distillation and essential oil production. A couple of months later (during early autumn), many farmers can normally harvest a second cut, and this second cut is solely intended for fresh or dried material. In this way, they benefit from having two sources of income. Peppermint plant is a sterile hybrid and can only be propagated by rootstocks, runners or cuttings. We can start a detailed research on which peppermint varieties would be more suitable for our market needs (essential oil vs. other uses) and of course which varieties would be better adjusted to the climate and soil of our region (generally full sun and good drainage are necessary, but different varieties can be grown from cold to subtropical climates). Peppermint plant is resilient and can grow in almost any well drained soil; however, the average plant can thrive in certain soil conditions. Growing commercially peppermint involves a series of activities. Once established, plants can normally produce material for 4-5 years. Most farmers then plow and destroy the crop, so as to plant new rootstocks or to make a crop rotation. Planting, Irrigation, Fertilization, Weed Control and Harvesting are very important and affect greatly the final yield. These activities represent the majority of costs. Processing, storing and distillation methods are also extremely important for the final quantity and quality of essential oil. You can enrich this article by leaving a comment or photo of your peppermint farm management and profitability. 13.) Bulk Herbs for Sale"
https://wikifarmer.com/how-to-grow-peppermint-at-home/,10/19/2023 20:04,How to grow Peppermint at home Peppermint Plant Care You can enrich this article by leaving a comment or photo of your peppermint plant growing efforts.
https://wikifarmer.com/peppermint-plant-information/,10/19/2023 20:04,"Peppermint Plant Information Peppermint Plant Wiki Peppermint (Mentha x piperita) is a perennial herbaceous aromatic shrub, which belongs to the family of Lamiaceae (the family of rosemary and lavender). It is a sterile hybrid, a cross between watermint (Mentha aquatica) and spearmint (Mentha spicata). It cannot be grown from seeds collected from a parent plant. However, mainly for amateur cultivation, certified seeds obtained commercially (e.g. from an agriculture store) can be used. It is propagated, mainly by cuttings, rootstocks or rhizome stolons to ensure uniformity of cultivation and increased yield.. The plant grows during spring and summer and produces mint scented leaves that are rich in essential oil. The essential oil of peppermint is used widely as flavor agent in soft drinks, ice creams, toothpastes, tobacco products etc. Peppermint essential oil is also widely used in the Pharmaceutical and Personal Health Care industries. Peppermint leaves are added as fresh in cocktails and various dishes. Peppermint tea has also become very popular during the last two decades, due to its digestive, antispasmodic and stress relieving properties. The multiple uses and high value of peppermint oil has established peppermint as a global respected commodity. USA, Canada, Australia, New Zealand, United Kingdom, Japan, China and India are the world leading peppermint producers. You can enrich this article by leaving a comment or photo of your peppermint plants. 1.) Peppermint Plant Information & Uses 2.) How to grow Peppermint at home 3.) Growing Peppermint commercially 4.) Peppermint Growing Conditions 5.) Peppermint Planting Distances & Number of Plants per Acre 6.) Peppermint Water Requirements 7.) Peppermint Plant Fertilizer Requirements 8.) Peppermint Weed Control 9.) Peppermint Harvest 10.) Peppermint Plant Material & Essential Oil Yield 11.) Peppermint Pests & Diseases 12.) Q&As Peppermint Plant Mentha × piperita peppermint"
https://wikifarmer.com/growing-rosemary-for-profit/,10/19/2023 20:04,"Growing Rosemary for Profit Professional Cultivation of Rosemary – Starting a Rosemary Farm Growing commercially rosemary plants for fresh/dry stems or essential oil has become a new trend in agribusiness during the last two decades. The reason is first that the rosemary essential oil is nowadays used in a variety of industries and there is an increasing demand (that in some cases hardly meets supply). Secondly, the plant is fairly easy to grow and manage, while it rarely suffers from diseases. Once established, healthy and mature plants can produce sustainably good yields for over a decade. However, as it happens in nearly all commercial crops, a certain level of research is required, especially concerning the variety. Our rosemary plants will produce fresh plant material and/or essential oil for the next 10-15 years, so we must be certain that we will choose the right variety for our market. In cases of professional growers that supply pharmaceutical manufacturers or wholesalers, the client often dictates the variety and other specifications. The rosemary plant is resilient and can grow in almost any well drained soil; however, it can thrive in certain climate and soil requirements. Although the average rosemary plant can survive without artificial water supply or fertilization in the average soil, growing commercially rosemary involves a series of activities. Planting, Irrigation, Fertilization, Weed Control and Harvesting are very important and affect greatly the final yield. These activities represent the majority of costs. Processing, storing and distillation methods are also extremely important for the final quantity and quality of essential oil. You can enrich this article by leaving a comment or photo of your rosemary farm management and profitability. 12.) Fresh Herbs for Sale – Prices and Suppliers"
https://wikifarmer.com/how-to-grow-rosemary-at-home/,10/19/2023 20:04,"How to grow Rosemary at home Growing Rosemary We can start rosemary plants from seeds or cuttings. Generally, the seed method is difficult for an amateur and it pays off only in a large scale. If you just want some rosemary plants for your kitchen, we definitely recommend cuttings. During spring, we carefully select young rosemary stems that are at least 3 inches (8cm) long. We then remove the leaves at the bottom half of the cuttings. We place the cuttings in a soil mixture of 30% river sand, 30% peat moss and 40% of special soil mix. We may have to add a root hormone. We water the cuttings every other day, until the roots begin to grow. We then transplant our cuttings, definitely after the last frost and preferably during late spring – early summer. We have to choose a sunny spot of our field, as our rosemary plants need at least 6 hours of daily exposure to sunlight. During their first summer months, young rosemary plants normally need frequent watering, so that they will develop strong roots. However, rosemary’s most important enemy is root rot. We have to be cautious not to over irrigate. Mature rosemary plants can rely solely on rainfall, in areas with at least 450 mm of annual precipitation. Most farmers and gardeners do not harvest rosemary stems during the plant’s first year. From the second year onwards, we can harvest fresh rosemary stems all year round. You can enrich this article by leaving a comment or photo of your rosemary plants grown at home."
https://wikifarmer.com/rosemary-plant-information/,10/19/2023 20:04,"Rosemary Plant Information Rosemary Plant Wiki Rosemary (Rosmarinus officinalis) is a woody and aromatic herb that can live for 15-20 years. It is an evergreen shrub with an average height of 4 feet (1,2 m). Rosemary has flowers of white, purple or blue color and fragrant, leathery leaves, which look like pine needles. It is a member of the Lamiaceae family, which includes many other herbs (basil, lavender, sage). Rosemary is a bee plant and attracts bees, as they enjoy rosemary pollen. Rosemary is used since ancient times to enhance and strengthen the memory. It is a plant native to the Mediterranean region, but it is cultivated in more than 80 countries for home or professional use. It is propagated by seeds or cuttings during spring and prefers warm and moderately dry climates. The stems are collected during the summer and are often left to dry. The leaves can be used as flavor boosters in cooking, but they are mostly distilled for their essential oil. Rosemary essential oil is widely used as ingredient in hair growth shampoos and various lotions, soaps and other cosmetic products. It is also used widely in the pharmaceutical industry, as rosemary oil has been reported to ease colitis, asthma and eczema. However, we must be very cautious when using rosemary oil products (especially homemade), due to frequent allergic reactions. People with history of epilepsy, with high blood pressure or in pregnancy are strongly advised to ask their physician before using homemade or commercial rosemary products. You can enrich this article by leaving a comment or photo of your rosemary plants. 1.) Rosemary Plant Information 2.) How to grow Rosemary at home 3.) Growing Rosemary for Profit 4.) Rosemary Growing Conditions 5.) Sowing and Planting Rosemary, Seeding Rate and Number of Plants per Hectare 6.) Rosemary Water Requirements 7.) Rosemary Fertilizer Requirements 8.) Rosemary Weed Control 9.) Rosemary Harvest 10.) Rosemary Plant Essential Oil Yield 11.) Q&As Rosemary Plant rosemary Rosmarinus officinalis"
https://wikifarmer.com/commercial-cultivation-of-sweet-basil-ocimum-basilicum-for-oil-production/,10/19/2023 20:04,"A complete cultivation guide for sweet basil Agro-climatic requirements of sweet basil Sowing/transplanting of basil Nutrient requirements of basil – How to fertilize basil Weeding in basil – Basil weed management Irrigation of Basil – Basil water needs Pests and diseases of Basil Basil Yield Harvesting of Basil – How and When to Harvest Basil This post is also available in: Español (Spanish) Français (French) हिन्दी (Hindi) Português (Portuguese (Brazil)) Basil belongs to the Ocimum genus of the Lamiaceae family. There are several types of basil depending on aroma/chemical features. The three types of sweet basil (Ocimum basilicum) that are mainly exploited for oil production are: There is also a fourth type, called eugenol, but a different species, Ocimum gratissisum, is used to produce eugenol (1). Additionally, the Ocimum sanctum, also called Holy Basil, is cultivated to a small extent for its essential oil. Among the basils, sweet basil, also called French basil, which has methyl chavicol and linalool as major compounds, is very important for its use in the perfume and flavor industries. Thus, sweet basil is an economically important aromatic crop for farmers and is one of the most popular and widely grown herbs globally. The essential oil of sweet basil is widely used in the perfumery, toiletries, and food flavors. The plant is native to areas of Asia, and countries such as India, France, the UK, and Reunion are among the main basil producers. The cultivation practices given here are for the French/sweet basil with methyl chavicol and linalool as major compounds for semi-arid tropical conditions. Sweet basil is a perennial (usually grown as an annual) and the most common type of basil. This erect herb can grow up to nearly 120 cm and has white or purplish-colored flowers. Multiple harvests of sweet basil can be taken, one main and two ratoon crops, at short intervals. Sweet basil is a versatile crop that can be cultivated in various soil and climatic conditions. Humid and high rainfall conditions are favorable for its cultivation. Loamy soils with a wide range of soil pH conditions support a good crop of sweet basil. Soils with a pH range of 4.3-8.3 support sweet basil. In subtropics, sweet basil is cultivated as a winter crop and in temperate regions as a summer crop. Sweet basil can be directly sown in the field, or seedlings raised in a nursery can be transplanted and used as propagation material for the crop. In case a grower uses seeds to start his/her plantation, seeds are sown in shallow furrows made at a 40-50 cm distance. Usually, a seed rate of 300-400g per hectare (100-150 gr per acre is used). In the other method, the farmer can use seedlings grown in raised nursery beds for nearly 30—40 days. The seedlings are transplanted in the field at a spacing of 30x30cm; between rows and plants. The field receives light irrigation, either surface or by sprinklers or drippers. It is essential to maintain plant population. If and when necessary, gap-filling should be done. It is important to test the soil for its nutrient status and apply the necessary amounts of fertilizers and manure following the recommendation of an agronomist. In soils of medium fertility, a basil farmer can apply: Generally, all P, K, and 1/3 of N are applied when sowing/transplanting 2. The rest of N is applied at 2-monthly equal splits. For the first and the second ratoon crops, 50 kg N/ha is applied in a single application after the earlier harvest. Potassium application is important if ratoons are taken due to the K depletion over time (2). It is essential to take care of deficiencies of secondary and micronutrients to derive good yields of sweet basil with good quality. Ιntegrated nutrient management, a combination of organics and inorganic fertilizers, gives better growth and yield of sweet basil (3). If organic cultivation of sweet basil is followed, the use of vermicompost along with bio-inoculants helps to derive good yields (4). The field should be weed-free in the initial stages to help the crop attain good growth. In the later stages, a fully grown crop competes well with the weeds, and intervention (weeding) is not needed. A light irrigation is required soon after transplanting; in a direct seeded crop, as seeds are sown in moist soil, immediate irrigation after sowing is not required. In non-rainy periods, weekly irrigations (1 inch or 25.40 mm) are given either by surface, sprinkler, or drip methods. Normally sweet basil crop is not significantly affected by pests and diseases. However, Fusarium wilt (Fusarium oxysporum f. sp. basilicum), downy mildew (Peronospora belbahrii), bacterial leaf spot (Pseudomonas cichorii), damping off or root rot (Rhizoctonia solani; Pythium spp.), and gray mold (Botrytis cinerea) are some of the most common diseases a basil farmer may have to control. Similarly, aphids, cutworms, Flea beetle (Phylotreta spp), and Japanese beetle (Popillia japonica) are some common basil pests. In all cases, farmers should invest in preventive measures, and in case of infection or infestation, they should consult an agronomist to manage any specific pest or disease. The main crops yield about 15-20 tons per hectare, and the first and second ratoon crops yield 8-10 and 3-5 tons per hectare, respectively. In total, a herb yield of 25-35 tons per hectare can be expected. An essential oil yield of 100-120 kg/ha can be expected. Harvesting is done when the crop is in full bloom, well before seed formation. The content and quality of the essential oil reach their peak at this stage 5. The main crop is harvested in 80-90 days, and the two ratoon crops at 30-40 days intervals. Most of the essential oil is contained in the leaves and flowers, and therefore, harvesting stem portions should be avoided to derive good oil recovery. https://hortnews.extension.iastate.edu/1997/3-21-1997/basil.html#:~:text=It%20is%20native%20to%20Asia,tropical%20regions%20of%20the%20world. https://extension.umn.edu/vegetables/growing-basil http://plantclinic.cornell.edu/factsheets/basildiseases.pdf basil cultivation sweet basil"
https://wikifarmer.com/growing-lavender-for-profit/,10/19/2023 20:04,"Growing Lavender for Profit Starting a Lavender Farm – Professional Cultivation of Lavender Growing commercially lavender for fresh or dried flowers and/or essential oil has raised much attention during the last two decades. Lavender is a plant that can grow well in an average environment and can produce several different products that can target different industries (pharmaceutical, fragrance, cosmetic, soap and detergents, food etc.). If done professionally, the average lifespan of healthy and productive lavender plants is 12 years. There are cases in which lavender plants give remarkable production steadily for over 20 years. As such, since our lavender plants will hopefully live in our field for the next decade or so, it makes sense to start a detailed research on which lavender species would be more suitable for our market needs (essential oil vs. other uses) and of course which lavender species would be better adjusted to the climate and soil of our region. Generally, full sun and good drainage are necessary, but different varieties can be grown from cold to subtropical climates. Lavender plant is resilient and can grow in almost any well drained soil; however, the average plant can thrive in certain climate and soil requirements. Although the average lavender plant can survive without artificial water supply or fertilization, growing commercially lavender involves a series of activities. Planting, Irrigation, Fertilization, Weed Control and Harvesting are very important and affect greatly the final yield. These activities represent the majority of costs. Processing, storing and distillation methods are also extremely important for the final quantity and quality of essential oil. You can enrich this article by leaving a comment or photo of your lavender farm management and profitability. 13.) Organic essential oils wholesale suppliers"
https://wikifarmer.com/how-to-grow-lavender-for-home-use/,10/19/2023 20:04,"How to grow Lavender for home use Growing Backyard Lavender If you want to grow lavender, the first way is to buy plants and transplant them at a sunny well drained point of your field, preferably 3-4 weeks after the last winter frost. The second way is to take cuttings from a thriving plant during May-June, plant them in pots with special mixture, and once they root, transplant them in larger pots or directly in the field. Choosing the right cuttings of lavender is not an easy procedure. It requires experience that is accumulated through a “trial and error” course. We generally choose healthy young branches. It is good to take cuttings just before the plant flowers. Cuttings should be 4-6 inches (10-15 cm) long. We remove the leaves at the bottom 2/3 of the stem (the part that is going to be put in the pot). Many farmers use special rooting powders, but you can first give it a try naturally. The pots shall contain a 3 part mix, 1/3 peat moss, 1/3 vermiculite and 1/3 commercial potting soil. We irrigate frequently, but only when the pot is dry. Cuttings will naturally root in 4-6 weeks. During this period, the pots must be placed in a warm place without exposure to direct sunlight. Some farmers put a nylon bag at the top of the pot, which then functions as a greenhouse. After the 4-6 weeks rooting period, we carefully remove any flowers, because they will slow down the plant’s development. When we see that our cuttings have established a root system, we can transplant them in a sunny and well drained spot of our field. Alternatively, some farmers prefer to keep them inside, so that they can experience their first winter in a protected environment. We can harvest the mature floral stems of lavender during summer. After harvesting, it is absolutely necessary to prune our plants, otherwise they will face several problems and their production will be diminished after a couple of years. Keep in mind to irrigate the plants only when the soil is dry. We can irrigate using the drop by drop technique and irrigate in the root of the plant rather than spraying from overhead. You can enrich this article by leaving a comment or photo of your lavender plants grown at home."
https://wikifarmer.com/lavender-plant-information/,10/19/2023 20:04,"Lavender Plant Information Lavender Plant Wiki Lavender (Lavandula angustifolia, officinalis, vera, spica) is a member of the Lamiaceae family – the family of mint, rosemary, sage and basil. Lavender is a perennial plant that can live up to 20 years, if the conditions are optimum. It is a beautiful aromatic shrub with average height of 2 feet (60 cm). It produces purple flowers, which contain high levels of essential oil. The essential oil of lavender is recognized globally as a respected commodity. It has several medicinal and other uses. It is of very low toxicity, while showing remarkable antiseptic and antimicrobial action. The flowers of lavender are very rich in nectar and attract bees and other pollinators. After being cut and dried, lavender flowers are used in the aromatic fragrance industry. Lavender plants are also grown as ornamental. Mediterranean countries (Italy, France, Spain) have long tradition in growing lavender. Nowadays, countries such as USA, Canada, Japan Australia and New Zealand are also considerable commercial lavender producers. You can enrich this article by leaving a comment or photo of your lavender plants. 1.) Lavender Plant Information 2.) How to grow Lavender at home 3.) Growing Lavender for Profit 4.) Lavender Growing Conditions 5.) Sowing Lavender – Seeding Rate – Number of Lavender Plants per Hectare 6.) Lavender Water Requirements 7.) Lavender Fertilizer Requirements 8.) Lavender Pruning 9.) Lavender Weed Control 10.) Lavender Harvest 11.) Lavender Essential Oil Yield 12.) Q&As Lavender Plant Lavandula angustifolia Lavandula officinalis Lavandula vera lavender"
https://wikifarmer.com/growing-thyme-for-profit/,10/19/2023 20:04,"Growing Thyme for Profit Growing Thyme commercially – Thyme Cultivation Practices Growing thyme commercially for essential oil and/or plant material (fresh herbs or dried herbs) has raised much attention during the last two decades. Thyme is a plant that can grow well in an average environment and can produce different products that can target different industries. Thyme essential oil has been found to have antibacterial, antispasmodic, diuretic, hypertensive, calming and many other properties. The essential oil of thyme has been recognized as a global respected commodity, as it is used in many industries (Pharmaceutical, Personal Health Care, Detergent, Insecticides etc.). Moreover, thyme dried leaves are used for preparing teas as well as various other products (e.g. skin lotions). Growing organic thyme is easier than growing organically other herbs, as the plant rarely suffers from diseases and has minimum fertilization requirements. Organic essential oil from thyme plant can be marketed at a higher price than regular. Growing commercially thyme involves a series of activities. The plant is perennial and can give good yields from the second until the sixth year. After six years, most farmers plow and destroy the plants in order to rotate the crop or plant new seedlings. Although the plant can grow well in the average environment, maximum yields are achieved in certain climate and soil conditions. The plants can be propagated from seeds or cuttings (there are pros and cons in each method). Planting, Irrigation and Weed Control are very important and affect greatly the final output. Timing of harvest has been reported to have great effect on the final yield. Processing, storing and distillation methods are also extremely important for the yield of essential oil. You can enrich this article by leaving a comment or photo of your Thyme farm management and profitability. 14.) Fresh Herbs Wholesale Prices"
https://wikifarmer.com/growing-thyme-at-home/,10/19/2023 20:04,"Growing Thyme at Home Thyme plant care Roberto Manzini Thyme plant is fairly easy to grow, provided we have a well-drained soil with partial or full day exposure to direct sunlight. The things to consider are the following: You can enrich this article by leaving a comment or photo of your thyme plants grown at home."
https://wikifarmer.com/thyme-plant-information/,10/19/2023 20:04,"Thyme Plant Information Thyme Plant Wiki Thyme is a perennial short shrub with average height of 8 inches (20 cm) and an average productive lifespan of 6 years. It belongs to the family of Lamiaceae (the family of lavender, rosemary and mints). The plant grows from spring to autumn. It blooms during summer (July in most areas of US). There are over 200 different species of thyme, with Common Thyme (Thymus vulgaris) being the most popular and widespread. Thyme is cultivated in many countries worldwide with a great range of climate conditions (Russia, Poland, Switzerland, USA, Spain, France, Italy, Morocco, South Africa and others). The plant is cultivated for its aromatic leaves that are rich in essential oil and can also have culinary uses. Thyme essential oil has been found to have antibacterial, antispasmodic, diuretic, hypertensive, calming and many other properties. The essential oil of thyme has been recognized as a global respected commodity, as it is used in many industries (Pharmaceutical, Personal Health Care, Detergent, Insecticides etc.). Thyme highly attracts bees. Honeybees that forage in thyme farms produce a high quality honey of strong unique flavor. Thyme honey is one of the premium types of honey and can be marketed at high prices. You can enrich this article by leaving a comment or photo of your thyme plants. 1.) Thyme Plant Information 2.) Growing Thyme at home 3.) Growing Thyme for Profit 4.) Thyme Growing Conditions 5.) Thyme Plants Propagation and Planting 6.) How to grow Thyme from Seed 7.) How to grow Thyme from Cuttings 8.) Thyme Water Requirements 9.) Thyme Fertilizer Requirements 10.) Thyme Weed Control 11.) Thyme Harvesting 12.) Thyme Essential Oil Yield 13.) Q&As Thyme thyme Thymus vulgaris"
https://wikifarmer.com/mango-yield-harvest-and-post-harvest-handling/,10/19/2023 20:04,"Mango yield per hectare – Mango yields per acre When and How to harvest mango fruits Post-harvest handling and storage of mangoes Mango trees start producing fruits after the 6th year of their life (3-4 years for grafted mangoes), reaching optimum yields from the 10-15th year and can maintain good production for approximately 40 years. The average yield of a mango orchard can range from 5-22 tons per hectare (2-9 tons per acre), with 400-600 fruits per tree. Some references also mention that the total yield per tree can reach 2,500 fruits during the 40th year of a tree’s life and under optimum conditions. Of course, like in any other fruit tree, the final yield highly depends on the variety selected, the planting density, the climatic conditions, the cultivation practises applied, etc. Indications to define the harvesting moment for mango For mature mango trees (without chemical inducer application), fruits mature 82-120 days after full flowering. Visual characteristics of fruit maturity are: Harvest can start when the farmer observes that 1-2 ripe mangos start falling to the ground or when the specific gravity of the fruit is 1.01-1.02. All fruits within its panicle do not mature simultaneously, but mature or not, it has specific days to be harvested. Floatation in 1% solution is a convenient non-destructive method for separating mature fruits from immature ones. Another way to define the moment mango is ripe enough to be harvested is moisture content (since it is a factor closely related to fruit maturity). The fruit is usually ready to be picked with a moisture content of about 80 % or less. The following procedure may be applied to determine maturity: Pick a representative sample of fruit that has already attained the average mature size of the cultivar. Store the fruit at room temperature until it ripens. Experience is an essential factor in determining the picking maturity. Not all the fruit on the tree will reach the same degree of maturity simultaneously. If there is any doubt, it is better to wait than to harvest prematurely. Harvesting: Always handle mango fruit carefully during harvesting and packing because fruits are bruised and scratched easily. Fruit pickers should wear gloves when harvesting fruits to ensure their fingernails do not scratch them. The fruit should be cut off and not pulled from the trees. A section of stalk, measuring 10 to 15 mm (0.4-0.6 in), may be left attached to the fruit. Healthy fruit should be carried in canvas picking bags. The bags must be clean inside. Do not carry many fruits in such a picking bag at one time. A tripod ladder may reach fruits high in the tree. The farmers are advised to use suitable equipment that will prevent unnecessary damage to the fruits, save labour, and will also be safer for labourers. Handling: mature mango Fruits should be taken one by one from the picking bag by hand and placed in the trays/ cartons. Take special care when transporting fruit to the pack house. Trays containing fruit awaiting transport should be kept under the shade under the trees. If not enough shade, the fruit should be covered with empty trays and placed upside down. Do not spread a tarpaulin over the trays because it will reduce ventilation and cause the temperature below it to rise. Harvested fruit should be removed from the orchard as soon as possible. Packing and dispatching the fruit to the market or placing it in cold storage on the day it is harvested is essential. Fruits are graded according to variety, size, weight or diameter. Sort out immature, undersized, damaged and diseased fruits during grading. Bamboo baskets lined with newspapers are used to pack mangoes for local markets. The mangoes are placed in wooden crates or carton boxes for export. If necessary, mangoes should be stored at 9-10 °C(48-50 °F). Ripe mangoes at this temperature can be stored for 18-21 days, while freshly matured fruits for 23-26 days. Careful handling during harvest and packing operations reduces the physical damage that facilitates the establishment of microorganisms. Controlling temperatures to which produce is exposed is one of the main tools to control post-harvest diseases since it diminishes the metabolic activity of the microorganisms and, by reducing the rate of the ripening process, the natural defences of the product are kept high. Controlling the relative humidity, mainly to avoid water condensation on the product and controlled atmospheres, is also valuable for controlling post-harvest diseases. It is essential to take precautions against bruising. Persons handling the fruit must wear gloves. The tables on which the fruit is placed must be clean and smooth. Each fruit stem must be cut back with a sharp knife to a length of 6 to 12 mm (2.3-4.7 in). Grade fruit for export according to appearance. Fruit is suitable for export if it is virtually free of blemishes and has a regular shape. Fruit suitable for export is transferred to a different table. The fruit may now be treated with a suitable post-harvest fungicide and, after waxing, packed in a suitable box. Cold storage: To delay ripening, fruits must be stored at a low temperature as soon as possible. The lower the temperature, the longer the fruit will take to ripen. However, storage temperatures that are too low will cause cold damage to fruit. A temperature of 5.5 °C (42 °F) is generally best. Early-maturing fruits may be kept at a slightly higher temperature, while late-season fruit may be kept at a slightly lower temperature. Gross Margin Estimate of 1 Acre of Mangoes over Its Life Time. (44 years yields) https://www.nhb.gov.in/ https://industry.nt.gov.au/__data/assets/pdf_file/0013/233500/tb301.pdf https://agritech.tnau.ac.in/govt_schemes_services/aas/mango.html https://www.da.gov.ph/wp-content/uploads/2021/04/Investment-Guide-for-Mango.pdf http://webapps.iihr.res.in:8081/cropprodn.html https://cotap.org mango harvesting mango yield"
https://wikifarmer.com/category/herbs/,10/19/2023 20:04,"Herbs Distillation of patchouli for essential oil – Patchouli essential oil extraction Patchouli cultivation guide – How to grow Patchouli Commercially for oil Distillation of Sweet Basil for Essential Oil Commercial Cultivation of Sweet Basil (Ocimum basilicum) for oil production Growing Oregano in my Backyard Growing Spearmint in my Backyard How to Grow Common Sage for Profit – Commercial Common Sage Production How to Grow Common Sage – For Beginners Common Sage Uses & Plant Information Predistillation process of patchouli – How to handle patchouli for extracting oil Patchouli is mainly cultivated for its valuable essential oil. After cultivating patchouli for oil production the farmer-professional should […] How to grow Patchouli for Profit and Oil Production Interesting information about Patchouli – The uses and importance of Patchouli Patchouli belongs to the Lamiaceae family. The plant is native mainly to […] Essential oils of aromatic plants are mostly obtained by distillation of various plant parts such as leaves, flowers, roots, bark, etc. As these essential oils are lighter than water, they […] A complete cultivation guide for sweet basil Basil belongs to the Ocimum genus of the Lamiaceae family. There are several types of basil depending on aroma/chemical features. The three types of sweet basil (Ocimum […] Interesting facts about Oregano The scientific name of oregano is Origanum vulgare. However, the word oregano usually encloses dozens of different species of the genus Origanum. The word Origanum comes […] Mint or spearmint (Mentha spicata) is a perennial aromatic plant classified in the Lamiaceae family (the same as basil, rosemary, lavender, and others). Plant leaves have a rich aroma and […] Growing Sage for Profit – Summary Growing Sage for profit has raised much attention during the last two decades. The crop lasts from 6 to 10 years or even more […] Beginners and amateurs gardeners can easily grow Common Sage or Garden Sage in their backyard. Sage prefers well-drained soil and full sun. It cannot thrive in shade. Some species are […] Common Sage Uses: Sage leaves are used as a tea. Sage leaves are used as a spice in sausages, meat, fish and honey. They are also added in cheese, salads […]"
https://wikifarmer.com/how-to-cultivate-mangos-for-profit-mango-production-an-overview/,10/19/2023 20:04,"Mango: Environmental conditions Factors affecting mango yield Mango Fruit Handling and Marketing Strategy Marketing and Economic Considerations in Mango Production Total quality of Mango fruits Many consider mango the “king” of fruits since it is consumed fresh and used in the production of desserts, fruit juices, and marmalades. Additionally, it is also a rich source of vitamins A, B, and C, sugar, carbohydrates, protein, fats, fibre, water and many more. Mango (Mangifera indica) is a large evergreen fruit tree which may live up to 100 years. The crop species mainly originate in Asia, in monsoonal tropical environments with a period of drought (USDA hardiness zones 10-11) but can grow and yield in a variety of climates ranging from warm temperate to tropical. However, nowadays, many hybrids have been produced from the original parents, and mango cultivation has been expanded in many regions around the world. Globally, more than 5.41 million hectares (13.4 million acres) are cultivated with mangoes. Mango is mainly considered a tropical fruit due to its sensitivity to extreme cold weather. It does best at a temperature range of 15 – 27 °C (59-81 °F) and can grow successfully from sea level to 600 or even 1400 m (1968-4593 feet) altitude. While mature mango trees can tolerate temperatures up to 48°C (118°F), there is a significant risk of fruit sunburn or reduced fruit setting. Some trees grow up to a height of 15 metres (49 feet) high, and harvesting becomes challenging if their height is not controlled. With more scientific methods adopted, trees with smaller sizes have been obtained through grafting with either older trees as top working or grafting young seedlings (with a more controlled growth tendency). While there are even up to 1000 varieties, only 350 of them are commercially cultivated only a few have a strong presence in the global market. Different varieties prevail in each region depending on the local environment and soil conditions. Ineffective measures to control the malformation of fruit result in yield reduction of 10-15 %, and in extreme cases, even up to 60-80 %, both in grafted and seedling mangoes, has been causing yield reduction in many areas. Other causes of low yield are: Water logging and salinity can also negatively affect mango yield. Heavy irrigation may be given to leach down salts beyond the root zone. The desired level could be achieved by providing a suitable drainage system. The water table should be at least 10 feet below the ground surface. The yield declines with the rising water table and decreases when it reaches about five feet below the ground surface. Its export can be increased by removing the following constraints. Farmers must design their fruit production systems to match their marketing strategies to plan for economically successful enterprises. More than good fruit production is needed to lead to a successful enterprise. Profitability depends on production volume, quality, size, and a reliable marketing strategy. Marketing channels range from direct markets to wholesale markets. Growers must understand what each of their customers wants and be prepared to meet the expectations of the markets they intend to reach. For example, at farmers’ markets, customers seek good-tasting fruit at or near the peak of ripeness for immediate consumption, but supermarket distributors demand that fruit be uniform. Good production and good quality do not always guarantee good returns at the start. Initial fruit-growing operations and production costs are often higher than those for other crops. Pest control and labour costs for hand thinning and weed control are generally more expensive. Yield and quality can vary widely, depending on the growing season and management practices. To achieve good yields, fruit growers must be prepared to develop innovative production and marketing strategies. Many commercial fruit producers, especially family-scale farmers, minimize waste and losses of potential revenue by processing (drying, preserving, or juicing) fruit considered unsuitable for the fresh market. There are trade-offs in every marketing strategy. A successful grower must develop markets in which the price for produce adequately compensates for all production costs. Additionally, the marketing process must be compatible with the grower’s personality and business skills. The particular combination of components in any grower’s marketing strategy will depend on local marketing opportunities as well as the grower’s desire to be directly involved in marketing, tolerance for stress, and ability to balance a variety of risk factors. Yield and quality can vary widely, depending on the growing season and management practices. Mango fruits’ quality is regulated by quality standards in most countries, providing a common language among the different participants of the production-market chain-consumption chain. Standards are also the legal framework for settling commercial disputes and are useful for reporting on market prices, as prices can only be compared between the same quality categories. The quality system established by the standards is known as “Inspection for quality”, where representative samples at the final stage of preparation for the market should fulfil the specified limits and their tolerances. Although it is easy to apply, it has at least two big disadvantages: Total quality is a complete conceptual framework to assure quality to which each person or activity within the production process is committed, aiming at zero defects and the customer’s complete satisfaction, even going beyond his/her expectations. At the same time that TQM was developed, the concept of “Quality Assurance” was established in Europe. Its scope is much easier to implement and probably better adapted to fruit. It is defined as all those planned and systematized actions necessary to guarantee that the product or service will satisfy the quality requirements. It usually requires the fulfilment of specific rules, protocols, or standards explicitly developed and with a certification by an independent company authorized to grant it. The ISO system is the best known, and within it, the series 9000. https://agricoop.nic.in/sites/default/files/Mango%20Cultivation%20%281%29.pdf https://www.agric.wa.gov.au/mangoes/ https://www.researchgate.net/publication/ https://nhb.gov.in/pdf/fruits/mango/man012.pdf mango cultivation mango production"
https://wikifarmer.com/mango-tree-information-and-variety-selection/,10/19/2023 20:04,"Because fruit trees, like mango, are perennials and represent a considerable investment of time and money, starting by planting your orchard with the optimum varieties for your location conditions and intended markets is essential. Below you can find some information to help you choose the most appropriate variety for you. Species Selection: The first decision is what species to plant. Is a tree orchard the best use of your land and potential? Or is your site and marketing plan better suited for a shorter-term investment in smaller plants such as vegetables or others? Careful consideration of environmental conditions, as well as the locations of markets and suppliers, is of great importance. Pest management skills and availability of labour for crop protection Mango Variety Selection Once the question of crop species is settled, the next decision is what variety (or combination of varieties) to plant. Considerations include, but are not limited to: Continuous supply or to ensure a crop during early or late marketing windows Careful consideration of environmental conditions and the locations of markets and suppliers is of great importance. While there are even up to 1000 varieties, only 350 of them are commercially cultivated only a few have a strong presence in the global market. Different varieties prevail in each region depending on the local environment and soil conditions. More specifically, in Kenya, the most cultivated varieties are the: Ngowe, Kent, Apple, Tommy Atkins, sensation, dodo, peach and Kensington. These have an edge over others because of their fruits’ taste and nutritional value. On the other hand, in India, the most popular varieties are the: Alphonso, Bangalora, Banganpalli, Bombai, Bombay Green, Dashehari, Fazli, Fernandin, Himsagar, Kesar, KishenBhog, Langra, Mankhurd, Mulgoa, Neelam, Samarbehist, Chausa, Suvarnarekha, Vanaraj and Zardalu. In colder areas, a very popular cold-tolerant mango variety is Mallika which can survive 0°C (32 °F) temperatures (for short periods of time). Turpentine mango has also been found to be relatively cold-hardy. The type of rootstock—standard, dwarf, or semi-dwarf—will determine the size of the tree at maturity. Tree size determines the spacing, the number of trees per hectare (or acre), the training system, years to bearing, and the timing of economic return. Orchard design should reflect the grower’s production and cash flow goals. Standard trees produce more fruit when mature, and initial purchase and planting costs are lower. Smaller trees have higher initial planting costs since more trees are needed to achieve density. Dwarf and semi-dwarf trees generally come into production earlier. Smaller trees simplify many field operations, including pruning, grafting, thinning, pest management, and harvest. Efficiency and safety are greater when most operations can be accomplished from the ground instead of ladders or climbing. Weeds are less of a problem in the shade of a densely planted orchard. Depending on the species and variety, container seedlings are often the most practical form of planting stock to buy and the most economical to purchase. McKellar, M. A., Buchanan, D. W., & Campbell, C. W. (1983). Cold hardiness of two cultivars of avocado and a mango. In Proceedings of the Florida State Horticulture Society (Vol. 96, pp. 212-215). Find more information in the book: “Success in Agribusiness: Growing Mango successfully” written by James Mwangi Ndiritu Codex Alimentarius Commission. General Principles of Food Hygiene CXC 1-1969. 2021. De Graaf J. Developing a Systems Approach for Sternochetus mangiferae (Coleoptera: Curculionidae) in South Africa. J Econ Entomol. 2010; 103(5):1577–85. Dias, C.S.; Rodrigues, R.G.; Ferreira, J.J. What’s new in the research on agricultural entrepreneurship? J. Rural. Stud. 2019, 65, 99–115. FAO. The Future of Food Safety; FAO: Rome, Italy, 2019. Grové T, De Beer MS, Daneel MS, Steyn WP. Scale and mealybug survey on mango in Mpumalanga and Limpopo Provinces South Africa. Acta Hortic. 2013; 1007:377–84. Grové T, De Villiers EA, Daneel MS. Mango. In: Prinsloo GL, Uys VM, editors. Insects of cultivated plants and natural pastures in Southern Africa. Pretoria: Entomological Society of Southern Africa; 2015a. p. 574–88. Grové T, De Villiers EA, Schoeman PS. Litchi. In: Prinsloo GL, Uys VM, editors. Insects of cultivated plants and natural pastures in Southern Africa. Pretoria: Entomological Society of Southern Africa; 2015b. p. 554–9. Grové T, De Beer MS, Joubert PH. Monitoring fruit flies in mango orchards in South Africa and determining the time of fruit infestation. Acta Hortic. 2009; 820:589–96. . Grové T, De Beer MS. Insect pests affecting the production of mango in South Africa. Acta Hortic. 2017b; 1183:297–304. Grové T, De Beer MS. Species composition and abundance of fruit flies (Diptera: Tephritidae) in subtropical fruit orchards in the Mbombela Local Municipality South Africa. Fruits. 2019; 74(1):18–24 Haran J, Grové T, Van Noort S, Benoit L, Addison P. Natural biocontrol of fruit flies in indigenous hosts: A perspective for population control in the agroecosystem. Biol Control. 2019; 137:1–6. Henri, D. C., Jones, O., Tsiattalos, A., Thebault, E., Seymour, C. L., van Veen, F. J. F. F., et al. (2015). Natural vegetation benefits synergistic control of the three main insect and pathogen pests of a fruit crop in southern Africa. J. Appl. Ecol. 52, 1092–1101. Hill MP, Macfadyen S, Nash MA. Broad spectrum pesticide application alters natural enemy communities and may facilitate secondary pest outbreaks. PeerJ. 2017; 19(5):e4179. Joubert PH, Daneel MS, Grové T. Progress towards Integrated Pest Management (IPM) on mangoes in South Africa. Acta Hortic. 2000;509:811–8. Joubert E, Grové T, Booysen G. Evaluation of fruit fly (Diptera: Tephritidae) monitoring systems on mango in Limpopo Province South Africa. J Agric Sci Technol. 2015;B5:653–63. Louw CE. The mango seed weevil, Sternochetus mangiferae (Fabricius) (Coleoptera: Curculionidae); understanding the pest in order to ensure effective control measures. Acta Hortic. 2013;992:441–57. Louw E. Evaluation on the efficacy of different chemicals on gall fly larvae in mangoes. Subtrop Fruit J. 2021;30:18–20. Kibira, M., Affognon, H., Njehia, B., Muriithi, B., Mohamed, S., and Ekesi, S. (2015). Economic evaluation of integrated management of fruit fly in mango production in Embu County, Kenya. Afric. J. Agric. Resour. Econ. 10, 343–353 King, T.; Cole, M.; Farber, J.M.; Eisenbrand, G.; Zabaras, D.; Fox, E.M.; Hill, J.P. Food safety for food security: Relationship between global megatrends and developments in food safety. Trends Food Sci. Technol. 2017, 68, 160–175. Nutritional Value and Health Benefits of Mango mango mango tree mango variety"
https://wikifarmer.com/category/trees/mango-tree/,10/19/2023 20:04,"Mango tree Mango Farming in Kenya – What challenges mango farmers face Mango: Yield, Harvest and Post-Harvest Handling The most important Mango Diseases Most Common Pests Affecting Mangoes Mango tree Fertilization Mango Water Requirements and Irrigation Systems Planning and Planting a Mango Orchard How to cultivate mangos for profit – Mango production – An overview Mango tree Propagation Mango Tree Information and Variety Selection Kenya is among the top ten mango-producing countries in Africa. Mangoes grow in various parts of the country, including the coast, eastern, rift valley, and western regions. These regions have […] Mango yield per hectare – Mango yields per acre Mango trees start producing fruits after the 6th year of their life (3-4 years for grafted mangoes), reaching optimum yields from […] Common Diseases Affecting Mango Throughout its lifespan, mango can suffer from numerous diseases that affect plant parts such as the trunk, branches, twigs, leaves, petioles, flowers, and fruits. These diseases […] Mango trees can be infested by more than 492 species of insects, 17 species of mites, and 26 species of nematodes. Among them, almost a dozen species have been identified […] Mango tree nutritional requirements – Mango Fertilization program Mangoes are deep-rooted and require deep, well-drained soils with a pH of 5.5-6.5. More specifically, in a mango orchard with a plant […] When to irrigate Mango trees – How much water a mango tree needs Mango trees need to receive sufficient amounts of water (from rainfalls or irrigation) to reach their yield […] Site Selection: Selecting a site for fruit trees is crucial, as the soil quality directly affects the trees’ growth and productivity. The trees can still produce good yields even if the […] Many consider mango the “king” of fruits since it is consumed fresh and used in the production of desserts, fruit juices, and marmalades. Additionally, it is also a rich source […] To establish a productive mango orchard, a farmer needs first to select carefully the mango variety that is most suitable for the local microclimate and market and then purchase the […] Because fruit trees, like mango, are perennials and represent a considerable investment of time and money, starting by planting your orchard with the optimum varieties for your location conditions and […]"
https://wikifarmer.com/banana-plant-care-commercial-cultivation-of-bananas/,10/19/2023 20:04,"How to Cultivate Bananas for Profit Banana: Soil and Environmental requirements Plant Care Fruit Care To simplify plant care, selecting the ideal planting location is necessary. Warm climates are excellent for growing the majority of banana plant species. This plant should be grown in a protected area away from strong winds because it is prone to leaf damage. You can prepare the planting area by incorporating some new compost into the soil and make sure you have enough space for your specific species-cultivars (height and spread) to grow. Plant in a location that will receive full sun to achieve the best flowering and fruit growth. Bananas can grow in almost any soil except for sandy or swampy soils, which they cannot tolerate. The ideal soil is loose, free-draining, rich, and consistently moist. Banana Plant Propagation and Plant Nursery Banana growers use various measures to control and prevent pests, weeds, and plant pathogens from spreading into new areas, especially through human interaction, such as international trade. It also follows standard operation to obtain good fruit quality. In the field, there are two operations on how to care for banana plants: Plant care and Fruit care. 1 – Weed Management:It is the practice of removing weeds that compete with the banana plant for resources and serve as hosts for many crop parasites. In the early months after plantation, when the banana plants are young and there is minimal shade, weed control is crucial. Herbicide use can be decreased in commercial plantations when banana plants are grown on bare soil by spreading a ground cover (cover crop). There are different types of weeding: 2 – Fertilization: Requires regular feeding with both controlled-release fertilizer and organic matter, such as well-decomposed (well-rotted) manures. Both macro and micronutrients are essential for banana plant growth. 3 – Pest and Disease control:The primary tasks of this operation are the prevention, detection, diagnosis, and control-management of pests and diseases that can harm the crop. Sigatoka control: Controlling the fungus (Mycosphaerella musicola) that causes Sigatoka leaf spot or Yellow Sigatoka, which spreads swiftly and can cause major damage, is a crucial task in the banana industry. Most farmers control the pathogen by spraying the banana canopy (young leaves) with a fungicide with an oil base. 4 – Population Management:Desuckering is crucial in commercial banana production. This process removes the undesirable suckers that grow close to the plant’s base. It is done by cutting the suckers at ground level and then using 2-3 drops of kerosene to kill the pseudostem’s growth point. 5 – Leaf Trimming: Another term for leaf trimming is deleafing; it is the practice of removing the unnecessary part of leaves, especially those infected by the Black Leaf streak caused by the fungus Mycosphaerella fijiensis. Xie et al., 2022 https://library.wur.nl/ojs/index.php/njas/article/view/17828/17242 https://bafs.da.gov.ph/bafs_admin/admin_page/pns_file/2021-02-24-PNS-BAFPS%20129-2013%20-%20GAP%20Banana(1).pdf http://www.agritech.tnau.ac.in/expert_system/banana/Nutrientmgmt.html Xie B, Jin M, Duan J, Yang Z, Xu S, Luo Y, Wang H. Design and Analysis of a Flexible Adaptive Supporting Device for Banana Harvest. Agronomy. 2022; 12(3):593. https://doi.org/10.3390/agronomy12030593 Commercial Cultivation of Bananas cultivating banana"
https://wikifarmer.com/banana-variety-selection/,10/19/2023 20:04,"Banana Types Top 5 varieties of bananas in the Philippines This post is also available in: Français (French) Deutsch (German) हिन्दी (Hindi) Português (Portuguese (Brazil)) It is widely believed that there are more than 1,000 types of bananas in the world, which are subdivided into 50 groups. These are the type of Bananas from around the world. It is a large banana with a thick peel and small seeds. Slightly sweet and creamy texture. The various stages of ripening from green to yellow to yellow with brown spots. Some popular cultivars of Cavendish bananas are Dwarf Cavendish, Giant Cavendish, Tall Williams, and Grand Naine. This type of banana is classified as a dessert banana. It is one of the largest fruit/types of Bananas and has a thick peel that makes the fruits suitable/resistant to transportation and export. It is tastier than Cavendish. Red varieties of bananas are classified by the region where they grow, such as Red Spanish, Red Cuban, or Red Colorado. In the Philippines, the Red banana is locally called ‘Morado’. The skin of this banana is thick and leathery, while the soft flesh is sweet with a slight tangy note. The seeds are also distinctly bigger than usual. In the Philippines, we have these Top 5 varieties of bananas consumed daily. Among these varieties, we consider the most important fruit crop economically, and we call the ‘Cash crop’ in the Philippines the Cavendish banana. The primary variety (50% of the total banana production) generates 329- 648 jobs in the country, providing P42.3B in annual wages. Moreover, according to the Philippine Statistics Authority (PSA), the Philippines is the 3rd largest producer of bananas globally. Banana: Crop History, Nutritional Value and Health Benefits Banana Plant Information & Environmental Requirements banana banana types Banana Variety"
https://wikifarmer.com/passion-fruit-harvest-yield-and-storage/,10/19/2023 20:04,"When and How to Harvest Passion Fruit Preparation of Passion Fruit for the market Post-harvest care of passion fruit Storage of Passion Fruit – How to Store Passion Fruit Picking maturity of passion fruit How to Harvest Passion Fruit How much Passion Fruit Yield? Transportation of Passion Fruit Postharvest Pathology and Disorders of Passion Fruit Estimated Costs & Returns from growing 1 acre of passion fruit This post is also available in: Deutsch (German) Ripening: The developing passion fruit remains green until it reaches full maturity. At this point, it undergoes a rapid color change within a few days. When ripe, both yellow and purple passion fruits naturally fall to the ground, but this does not cause damage to their thick skins. Once the passion fruit falls, both purple and yellow varieties start losing moisture and can quickly become wrinkled if exposed to hot and dry conditions. While the juice inside these fruits remains wholesome, their unattractive appearance makes them unsuitable for the market. However, clean and undamaged fruit can be stored in polyethylene bags at a temperature of 10°C (50°F) for up to three weeks without any significant loss in quality. The maturity of passion fruit refers to the stage at which the fruit has fully developed and is ready for consumption or harvesting. It is an important factor in determining the fruit’s taste, texture, and quality. The maturity of passion fruit can be identified through several indicators: The exact signs of maturity can vary depending on the variety of passion fruit. Farmers and experienced growers often rely on a combination of these indicators to determine the optimal time for harvesting. The passion fruit usually comes into fruiting about 12 to 18 months after transplanting, depending on the size of the plants at transplanting. Another indication is that fruit matures approximately 70-75 days after flowering ( Robert et Ching, 2014). The following procedure may be applied to determine maturity: Harvesting; While picking the fruit directly from the vine is possible, it can be challenging to ensure that the fruit is fully ripe on the inside. Therefore, it is advisable to regularly collect the fruit that has fallen to maintain its postharvest quality. Ripe passion fruit remains firm, but it starts to wrinkle over time as it loses water primarily from the peel. Harvesting the fruit just before or immediately after it drops is recommended to ensure optimal taste, as picking unripe fruit from the vine results in an unpleasant “woody” taste. Always handle fruit carefully during harvesting and packing because fruits are bruised and scratched easily. Fruit pickers should wear gloves when harvesting fruits to ensure their fingernails do not scratch the fruits. The fruit should be cut off and not pulled from the trees. Using suitable equipment will prevent unnecessary damage to the fruits, save labor, and be safer for laborers. Export market-destined fruit should be harvested twice a week before the fruit falls naturally from the vine. Fruit intended for the fresh market should not be allowed to drop to the ground, particularly if it is destined for export. In the case of manual harvest, the farmer needs to cut the fruit off the vine. Each fruit stem must be cut back with a sharp knife or clippers to 4 to 6 cm long to prevent water loss. Passion fruit should never be harvested when wet, as this will encourage the spread of disease! Handling; Healthy fruit should be carried in canvas picking bags. To avoid compression, you need to put up to 15 kg of fruits per harvest container. The bags must be clean inside. Do not carry many fruits in such a picking bag at one time. Fruits high in the tree may be reached by a tripod ladder. Fruit should be taken one by one from the picking bag by hand and placed in the trays/ cartons. Take special care when transporting fruit to the pack house. Trays containing fruit and awaiting transport should be kept in the shade under the trees. If there is not enough shade, the fruit should be covered with empty trays and placed upside down. Do not spread a tarpaulin over the trays because it will reduce ventilation and cause the temperature below it to rise. Harvested fruit should be removed from the orchard as soon as possible. It is important to pack and dispatch the fruit to the market or to place it in cold storage on the day it is harvested. Each fruit stem must be cut back with a sharp knife to a length of 6 to 12 mm. Ripened passion fruit dropped at the ground. Credit: Ali Sarkhosh, UF/IFAS To minimize unnecessary damage, handling passion fruit as little as possible is recommended. When preparing passion fruit for the market, several steps should be followed: When the crop is harvested, the farmer may believe that the job is done. Bruised or cut produce are likely to deteriorate or rot more rapidly than uninjured tissues, they should be separated and marketed or eaten first. Isolation of diseased organs from the non-diseased is useful to reduce the spread of rot. Harvesting fruits when they are not wet or having dew and when temperatures are not high reduces deterioration. A one-year-old passion fruit vine typically produces between 5 and 15 pounds of fruit per plant. On an acre of land, the total yield of passion fruit can range from 2,200 to 4,400 pounds (1000-2000 kg), which translates to approximately 18,000 to 35,000 fruits. Grading and packing; Purple fruit should have a diameter of 5 to 8 cm (2 to 3 in) and yellow 6 to 8 cm (2.5 to 3 in). It is important to take precautions against bruising. Persons handling the fruit must wear gloves. The tables on which the fruit is placed must be clean and smooth. Grade fruit for export according to appearance. Fruit is suitable for export if it is virtually free of blemishes and has a regular shape. Fruit suitable for export is transferred to a different table. The fruit may now be treated with a suitable post-harvest fungicide and, after waxing, packed in a suitable box. Purple passion fruit is more suitable for long-distance transport when it is at the light-purple stage Under ripe yellow passion, fruits can be ripened and stored at 7 to 10°C (45- 50°F) with a relative humidity of 85 to 90%. Ripening is too rapid at 20 to 30º C. At these temperatures, they have a storage life of 2 weeks. Ripe fruits can be kept keep for one week at 2.22º-7.22º C. Purple passion fruits are more tolerant and can be stored at 3 to 5°C (37 to 41°F) for 3 to 5 weeks. Yellow passion fruit has been tested with modified atmospheres (MA), which involve creating controlled gas compositions around the fruit during storage. It is recommended to apply a fungicide treatment before storage to maintain fruit quality. When stored at temperatures of 6 to 10°C (43 to 50°F) for a period of 3 to 4 weeks, the fruit exhibited reduced shriveling compared to non-MA storage conditions. Additionally, the use of film-bagging and various coatings has been found to be effective in reducing water loss in both yellow and purple passion fruit. These techniques help to maintain the fruit’s moisture content and prevent excessive dehydration during storage. In general, fruits stored in plastic bags at 5-10º C (41°F–54°F), have remained in good condition for two or more weeks. Wiping with paraffin and storing at 5º to 7º C and a relative humidity of 85 to 90% can prevent wrinkling and preserve quality for 30 days. Chilling injury in yellow passion fruit manifests through several symptoms, including changes in skin color, formation of pits, water-soaked areas, uneven ripening, and an increase in decay. The most common postharvest disease affecting passion fruit is brown spot, caused by the pathogen Alternaria passiflorae. This disease is characterized by the presence of circular, sunken, light-brown spots on ripening fruit. Brown spot tends to be more severe after warm and wet periods in the field. Another disease, known as Septoria spot (caused by Septoria passiflorae), infects the fruit in the field and results in uneven ripening of the skin. Phytophthora fruit rot (caused by Phytophthora spp.) causes water-soaked dark green patches on the fruit, which eventually dry up on the skin. To minimize the impact of these diseases, various measures can be taken such as maintaining orchard sanitation, reducing high humidity by pruning to open the canopy, and applying fungicides. Implementing these practices helps in controlling the spread and severity of these diseases in passion fruit cultivation. Passion fruit is susceptible to chilling injury (CI), which occurs when the fruit is exposed to low temperatures. In yellow passion fruit varieties, CI can occur below 7°C (45°F), while in purple passion fruit varieties, it can occur below 4°C (39°F). Symptoms of CI include the formation of pits and sunken lesions on the fruit’s surface, uneven coloring of the skin, darkening of the pulp internally, development of off-flavors, and increased susceptibility to decay. The severity of CI depends on the temperature and duration of exposure. Lower temperatures and longer exposure times result in more significant tissue damage to the fruit. It is important to avoid exposing passion fruit to temperatures below the mentioned thresholds for extended periods to prevent or minimize chilling injury. Robert E. Paull and Ching Cheng Chen, 2014, Passion Fruit: Postharvest Quality-Maintenance Guidelines, Department of Tropical Plant and Soil Sciences, University of Hawaiʻi Mark Bailey, Ali Sarkhosh, Amir Rezazadeh, Joshua Anderson, Alan Chambers, and Jonathan Crane, 202, THE PASSION FRUIT IN FLORIDA, University of Florida PASSION FRUIT, Postharvest Care and Market Preparation, 2004 Ministry of Fisheries, Crops and Livestock New Guyana Marketing Corporation National Agricultural Research Institute Diseases fro Passionfruit, 2023 NZ Passionfruit Growers Association Dhalaria, R.; Verma, R.; Kumar, D.; Puri, S.; Tapwal, A.; Kumar, V.; Kuca, K. Bioactive Compounds of Edible Fruits with Their Anti-Aging Properties: A Comprehensive Review to Prolong Human Life. Antioxidants 2020, 9, 1123. Darnhofer, I., Fairweather, J. and Moller, H. (2010) ‘Assessing a farm’s sustainability: insights from resilience thinking’, International Journal of Agricultural Sustainability, Vol. 8, No. 3,pp.186–198. De Lauwere, C.C. (2009) ‘Agricultural entrepreneurship and sustainability – is it a good or bad fit?’, in Millar, K., West, P.H. and Nerlich, B. (Eds.): Ethical Futures: Bioscience and FoodHorizons, pp.211–216, Wageningen Academic Publishers. De Roest, K., Ferrari, P. and Knickel, K. (2018) ‘Specialization and economies of scale or diversification and economies of scope? Assessing different agricultural development pathways’, Journal of Rural Studies, Vol. 59, pp.222–231. Ip RHL, Ang L-M, Seng KP et al (2018) Big data and machine learning for crop protection. Comput Electron Agric 151:376–383. Jacott CN, Murray JD, Ridout CJ (2017) Trade-offs in arbuscular mycorrhizal symbiosis: disease resistance, growth responses and perspectives for crop breeding. Agronomy 7:75 Jamali SH, Cockram J, Hickey LT (2020) Is plant variety registration keeping pace with speed breeding techniques? Euphytica 216:131. Johnson PTJ, Ostfeld RS, Keesing F (2015) Frontiers in research on biodiversity and disease. Ecol Lett 18:1119–1133. Kashyap PL, Kumar S, Srivastava AK (2017) Nano diagnostics for plant pathogens. Environ Chem Lett 15:7– 13. Joy P. P. & Sherin C.G. 2012. Pineapple Research Station (Kerala Agricultural University), Vazhakulam-686 670, Muvattupuzha, Ernakulam, Kerala, India. Tel. & Fax: 0485-2260832, Email: prsvkm@kau.in, prsvkm@gmail.com, Web: www.kau.edu/prsvkm Color: Passion fruit changes color as it matures. The exact color depends on the variety, but common colors include green, yellow, and purple. The fruit reaches its peak maturity when it has achieved its characteristic color. The skin should have changed from green to ≥75% yellow or purple Texture: A mature passion fruit should have a firm yet slightly yielding texture when gently squeezed. Weight: As the fruit matures, it tends to become heavier due to the increase in juice content. The weight of the yellow passion fruit can range from 50 to 150g (1.8 to 5.3 oz). For the purple fruit, the weight eagles from 25 to 50 g (1 to 2 oz) Wrinkling: In some cases, passion fruit develops slight wrinkles or fine lines on the outer skin as it reaches maturity. Aroma: The intensity of the aroma increases as the fruit matures. Moisture Content: The fruit is normally ready to be picked when it has a moisture content of about 80 % or less. Pick a representative sample of fruit that has already attained the average mature size of the cultivar concerned. Store the fruit at room temperature until it ripens. Experience is an important factor in determining the picking maturity. If there is any doubt, it is better to wait than to harvest prematurely. Export market-destined fruit should be harvested twice a week before the fruit falls naturally from the vine. Fruit intended for the fresh market should not be allowed to drop to the ground, particularly if it is destined for export. In the case of manual harvest, the farmer needs to cut the fruit off the vine. Each fruit stem must be cut back with a sharp knife or clippers to 4 to 6 cm long to prevent water loss. Passion fruit should never be harvested when wet, as this will encourage the spread of disease! Cleaning: Passion fruit should be cleaned to remove any dirt, debris, or residue on the outer surface. This can be done by gently rinsing the fruit with water. Waxing (optional): Some growers or distributors may apply a thin wax layer to the fruit. This can help enhance the fruit’s appearance and provide a protective coating. However, waxing is not always necessary and depends on market preferences and requirements. Sorting/grading: Passion fruit should be sorted or graded based on factors such as size, color, and overall quality. This ensures consistency and uniformity in the final product. Sorting can be done manually or using automated machinery. Packing: The sorted and graded passion fruit is then packed into appropriate containers or packaging materials. Common options include boxes, crates, or trays. The packaging should provide proper ventilation to prevent moisture buildup and maintain fruit quality. The most common postharvest disease affecting passion fruit is brown spot, caused by the pathogen Alternaria passiflorae . This disease is characterized by the presence of circular, sunken, light-brown spots on ripening fruit. Brown spot tends to be more severe after warm and wet periods in the field. Another disease, known as Septoria spot (caused by Septoria passiflorae ), infects the fruit in the field and results in uneven ripening of the skin. Phytophthora fruit rot (caused by Phytophthora spp. ) causes water-soaked dark green patches on the fruit, which eventually dry up on the skin. To minimize the impact of these diseases, various measures can be taken such as maintaining orchard sanitation, reducing high humidity by pruning to open the canopy, and applying fungicides. Implementing these practices helps in controlling the spread and severity of these diseases in passion fruit cultivation. Passion fruit is susceptible to Soil test Sampled soil 10 10.00 Land preparation / cultivation Man days 1.50 22.500 Digging holes 27.00 14 tonnes 144.00 Seedlings Seedling 0.75 750 562.50 Fertilizer / T.S.P Kg 0.35 75 26.00 Trans planting 15.00 Weeding 9.00 Trellising & training Stakes/poles Poles 2.00 200 400.00 Wire/ rope Meters 2000 300.00 Staples 1.10 11.00 Digging holes for posts 9 13.50 Training labor 7.50 Top dressing fertilizer 100 35.00 Top dressing labour Insecticides Litres 80.00 Fungicides kgs 60.00 Harvesting 30.00 Grading Cooling Power 450.00 Total variable costs 1,016.00 Interest on operating capital 10 % 106.00 Add cost for years 2,3 & 4 Various operation expenses 900.00 2,200.00 Implements Tools & equipment 50 50.00 Land charge Annual Rate 40 4 yrs 160.00 210.00 Total fixed & variable costs 2,410.00 Management fees 7 % 280.00 Total costs Receipts/ harvest st year 0.40 8000 kg 3,200.00 nd 10,000 kg 4,000.00 rd 15,000 kg 6,000.00 th 8,500kg 3,400.00 Total receipts / yields 8,300 kg 2,690.00 Net returns Robert E. Paull and Ching Cheng Chen, 2014, Passion Fruit: Postharvest Quality-Maintenance Guidelines, Department of Tropical Plant and Soil Sciences, University of Hawaiʻi www.kau.edu/prsvkm passion fruit harvesting passion fruit storage passion fruit yield"
https://wikifarmer.com/category/exotic-fruits/banana-plant/,10/19/2023 20:04,"Banana plant Banana Exports and Markets Banana Yield, Harvest, Processing and Storage Banana Plant Protection – Common Pests of Banana Plants Banana Plant Protection – Major Banana Diseases Banana Nutrient Requirements and Fertilization Program Banana Water Requirements & Irrigation Systems Soil Requirements and Land Preparation for Bananas Banana Planting Distances and Support Systems Banana Plant Care – Commercial Cultivation of Bananas Banana Variety Selection Global banana production reached 116.0 million metric tons in 2019, while from 2021 to 2026, it is expected to grow at a CAGR of 4.1%. In 2018, among 148 nations, […] Banana cultivation is difficult and time-consuming; sufficient attention must be given from planting till export. The fruit banana is delicate and fragile. Being perishable and it deteriorates quickly. The aim […] Burrowing Nematode Bananas’ most important nematode infection globally is the burrowing nematode, Radopholus similis. The burrowing nematode is one of the most strictly controlled nematode plant pests. Burrowing nematode infection […] Major Diseases of Banana Banana Bacterial Wilt (BBW) or Xanthomonas wilt of banana (BXW) This disease makes banana plants rot from the inside out. Xanthomonas campestris pv. musacearum is the bacterium responsible […] Banana Fertilization Needs Bananas generally have high nutrient needs and may need extra fertilizer due to their big fruit production and aggressive, quick growth. However, before we begin planting, we […] Finding a balance between the water content of the soil and the needs of the plant is the goal of water management in a banana plantation. Bananas require a plentiful […] Bananas may grow from sea level to 1,800 meters (5,905.5 feet) above sea level. A loamy, sandy soil is ideal for growing Cavendish bananas. The plants need rich, dark, and […] Banana growers are advised to use proper spacing to have the most profit from their cultivation. The broader the area among the banana plants, the better the light and air […] How to Cultivate Bananas for Profit Banana: Soil and Environmental requirements To simplify plant care, selecting the ideal planting location is necessary. Warm climates are excellent for growing the majority […] It is widely believed that there are more than 1,000 types of bananas in the world, which are subdivided into 50 groups. Banana Types These are the type of Bananas […]"
https://wikifarmer.com/category/exotic-fruits/dragon-fruit-pitaya/,10/19/2023 20:04,"Dragon Fruit (Pitaya) Packing, Selling and Export of Dragon Fruits Dragon Fruit Harvest and Storage Dragon Fruit Plant Protection Dragon Fruit Fertilization Dragon Fruit Water Requirement and Irrigation Systems Dragon Fruit tree Training and Pruning Dragon Fruit Pollination and Propagation Dragon Fruit Planting Distances and Trellising Soil Requirement and Land Preparation for Dragon Fruit Dragon Fruit Plant Information and Environmental Requirements The Dragon Fruit’s potential to trade in both domestic and export markets has been growing. The demand is at its peak level. Dragon Fruit Market is projected to register a […] Dragon fruit yield The pitaya plants can start producing fruits 12-15 months after planting. Depending on the variety, the environmental conditions and the cultivation practices applied, and plant’s age, a […] While few data are available, it seems that the global production of dragon fruit is increasing, with more hectares to be cultivated every year. For example, more than 450 hectares […] Nutrition needs of Dragon fruit Before every Dragon fruit commercial production farm starts the land preparation, it is necessary to perform soil analysis beforehand. This is to have the specific […] As a succulent plant, the Dragon Fruit tree is a drought-tolerant plant that does not require frequent watering, but sufficient soil moisture is needed for good growth and yields. In […] Pruning is the practice of selectively removing plant parts (like branches, buds, spent flowers, etc.) to control the plant regarding the morphology and the balance between vegetative growth and reproduction […] Dragon Fruit Pollination Pollination is essential in fruit production of the Dragon fruit. Especially for the self-incompatible varieties, cross-pollination between different dragon fruit varieties is needed to ensure a better […] Dragon fruit cultivation and plant yield greatly benefit and depend to an extent on good sunlight exposure (6-8 hours daily). The shady areas are not likely suitable for dragon fruit […] Based on attitude and climate conditions, the regions below 800 meters (26-25 feet) above sea level are suitable for dragon fruit cultivation. While they are not very demanding in a […] Dragon Fruit plant information and morphology The Dragon Fruit is a tropical, perennial, epiphytic, vine-like cacti fruit tree that belongs to the Cactaceae family. This climbing cactus has triangular, green stems (up […]"
https://wikifarmer.com/passion-fruit-soil-climate-requirements-land-preparation-and-planting/,10/19/2023 20:04,"Soils and Climate Requirements of passion fruit Site Selection for Establishing a Passion Fruit Orchard Planting of passion fruit – Planting distances of passion fruit Passion fruit thrives in tropical and subtropical environments and frost-free climates, with high humidity and annual rainfall from 600mm to 2000 mm (USDA hardiness zones 9-11). Generally, an average temperature of 18-28 °C (70-82 °F) is needed for good growth and yields, while temperatures below 18-15 °C (64-59 °F) can decrease both vegetative growth and flowering. High temperatures (above 32 °C or 89 °F ) can decrease flowering and fruit set. The purple-type passion fruits and some hybrids are tolerant to lower temperatures (relatively frost tolerant for a short period). The yellow passion fruit is a tropical plant that grows best at 0-800 m altitudes. On the other hand, the purple-type passion fruit prefers higher altitudes (1200-2000 m) Passion vines can grow in a wide variety of soils but prefer light to heavy sandy loams of medium texture, slightly acidic to neutral (6.5-7), well-drained, and rich in organic matter soils. The yellow passion vine can tolerate alkaline soils if adequate micronutrients are added. Passion Fruit trees can successfully produce economic yields on hillsides, rocky soils, and other sites not suitable for cultivating other common crops. Look carefully at your site and know the soil type, slope, aspect, water infiltration and drainage, frost patterns, maximum and minimum. Temperatures, length of growing season, distribution of annual rainfall, availability of water for irrigation, proximity of the water table, and wind and air circulation patterns. Most of these are beyond a grower’s control, and your planting plan must suit the site’s natural conditions. While farmers may be able to improve the soil over time, they cannot change the subsoil layers, influence the prevailing wind, or modify temperatures to any significant extent. Land Preparation: If relying on rainfall, prepare the land early before the onset of rains and dig holes wide and deep enough for the seedling soil ball (45 cm x 45 cm x 45cm) and add topsoil mixed with compost or well-rotted manure. Soil pH should be adjusted through applications of lime (to raise the pH) or sulfur (to lower pH). For orchard planting in flat or slightly rolling terrain, the field should be plowed as deep as possible and harrowed twice until fine tilt is attained before the onset of the rainy season. To accommodate other cultural activities and ensure the straight alignment of trees, the field layout using the desired planting system, such as a square, quincunx, or triangular system, should be designed to plan the hole-digging operations. Young passion vines should be placed in the field early in the growing season when rains start and after frost danger has passed. The choice of planting distance and the pattern of a planting depend on the following factors: Cultivar, Location of the orchard (e.g., north or east facing), Soil type and depth, expected short and long-term production, Access for machinery, depending on orchard practices, etc. Passion vines are planted with a row spacing of 1.2-2.5 m (4-8 ft) and a plant spacing of 3-6 m (10-20 ft). With such distances, the plant density may vary from 600-2600 plants per hectare (240 – 1,400 plants per acre). Root-pruning should be done before transplanting the seedlings. Grafted vines must be planted with the union well above ground, not covered by soil or mulch. It is recognized that close planting can lead to disease problems and replanting after the 3rd year. After a vine of either the yellow or purple passion fruit attains 2 years of age, pruning once a year will stimulate new growth and, consequently, more flower and fruit production. Generally, an average temperature of 18-28 ° C (70-82 ° F) is needed for good growth and yields, while temperatures below 18-15 ° C (64-59 ° F) can decrease both vegetative growth and flowering. High temperatures (above 32 ° C or 89 ° F ) can decrease flowering and fruit set. Passion https://www.cabidigitallibrary.org/ https://scholarspace.manoa.hawaii.edu https://www.farmer.gov.in planting passion fruit"
https://wikifarmer.com/passion-fruit-types-varieties-of-passion-fruit-and-plant-characteristics/,10/19/2023 20:04,"Plant Information and Morphology of Passion Fruit Passion Fruit Types The Yellow variety of the passion fruit The Purple passion fruit type Type and Size of Planting Stock The Passion Fruit (Passiflora edulis of the Passifloraceae family) is a woody perennial, evergreen, fast-growing climber vine that has 2 main types: the purple (Passiflora edulis) or the yellow (Passiflora edulis flavicarpa) passion fruit. The passion fruit plant has tri-lobed, glossy leaves 10-18 cm (4-7 in.) long with finely-toothed margins and alternate arrangement. The fruit starts to mature about 80 days after flowering during the warmest months of the year (summer to fall). The passion fruit vine has shallow roots, a woody structure, and the ability to climb using tendrils. The vines can grow up to 15 feet long. Fruit: The fruit of both types is considered climacteric with high ethylene production. The purple passion fruit plant bears dark-purple or nearly black, rounded, or egg-shaped fruit about 5 cm long, weighing 30-45 g. Fruit of the yellow passion fruit is deep yellow and similar in shape but slightly longer (6 cm) and larger than the purple type. It weighs 60-90 g and averages about 75 g. The fruit itself is nearly round or ovoid, measuring 1 1/2 to 3 inches (4-7.5 cm) in width. It has a tough, thick rind that is smooth and waxy, surrounding a layer of white pith. Inside the fruit, there is a cavity that encloses up to 250 small, wedge-shaped black seeds. Each seed is surrounded by a deep orange-colored sac, which holds the juicy and consists of the edible part of the fruit. The flavor of the fruit is appealing, with musky and guava-like notes, and it ranges from subacid to acid in taste. Flowers: Passion fruit has some of the most characteristic and spectacular flowers, making it a very popular plant for aesthetic reasons and widely used as an ornamental plant. The flowers resemble a clock, are white and purple-blue (especially in the center), have five petals, three large, green, leaf-like bracts, and a diameter of approximately 4.5-6 cm, depending on the type of passion fruit. Additionally, the flower consists of five stamens with large anthers, an ovary, and a triple-branched style that forms a prominent central structure. Pollination is essential for fruit production on passion vines. Flowers of the purple passion vine normally set fruit when self-pollinated. Still, many yellow passion vines will only set fruit if their flowers are dusted with pollen from a different vine that is genetically compatible. Passion requires mild temperatures for normal fruiting and may flower but set no fruit (or misshapen fruit) during the hottest part of the hot season. The most effective insect for pollinating passion fruit is the bee. The native bee population may ensure adequate pollination and fruit naturally. Yellow passion fruit flowers are perfect but self-sterile. In crossing the yellow and purple forms, it is necessary to use purple as the seed parent due to compatibility (it does not work the other way round. The Passiflora genus, to which passion fruit belongs, has a great biodiversity numbering approximately 520 species. However, the commercial production of passion fruit is based on limited species and more specifically, the: Some other important times are the sweet granadilla (Passiflora ligularis), and the giant granadilla (Passiflora quadrangularis L.) The yellow variety of the passion fruit vine exhibits a more robust vine and typically produces larger fruits, with more juice (31-35%) and higher yields compared to the purple variety. Plants of this type thrive mostly in low altitudes with tropical climates. At the same time, yellow-type passion fruits have higher tolerance and resistance to soil-born pests (like nematodes) and diseases (like leaf spot and wilt) compared to purple-type. This is the reason why yellow passion fruit is usually preferred as a rootstock. On the other hand, the purple passion fruit type is more suitable for sub-tropic conditions because it is sensitive to low temperatures and has moderate vigor. When it comes to pulp, the purple variety fruits are preferred by consumers due to the higher quality (lower acidity, stronger aroma, and flavor). The purple form of passion fruit has black seeds, while the yellow form has brown seeds. With the aim of combining the best characteristics of each passion fruit type, scientists and breeders have crossed them and obtained a series of hybrids with superior yield, good disease resistance, and quality. Some hybrids with high commercial importance are the Kaveri in India, the “Redlands Triangular” and “Selection E23 from Australia and the Noel’s Special” from Hawaii. In Kenya, locally selected purple passion fruit is vegetatively propagated for commercial production by KALRO (Kenya Agricultural and Livestock Research Organization), Jomo Kenyatta University, and other sources. When selecting a passion fruit variety to plant and cultivate, the farmer should take into account important factors like the adaptability of the variety to the local environmental conditions, the field location, the intended market, and the availability of resources (labor, water, pesticides, etc.). The type of rootstock—standard, dwarf, or semi-dwarf—will determine the size of the tree at maturity. Standard trees produce more fruit when mature, and initial purchase and planting costs are lower. Smaller trees have higher initial planting costs since more trees are needed to achieve density. Dwarf and semi-dwarf trees generally come into production earlier. Smaller trees simplify many field operations, including pruning, grafting, thinning, pest management, and harvest. Efficiency and safety are greater when most operations can be accomplished from the ground as opposed to on ladders or by climbing. Depending on the species and variety, container seedlings are often the most practical form of planting stock to buy and the most economical to purchase. plant bears dark-purple or nearly black, rounded, or egg-shaped fruit about 5 cm long, weighing 30-45 g. Fruit of is deep yellow and similar in shape but slightly longer (6 cm) and larger than the purple type. It weighs 60-90 g and averages about 75 g. Passion fruit has some of the most characteristic and spectacular flowers, making it a very popular plant for aesthetic reasons and widely used as an ornamental plant The flowers resemble a clock, are white and purple-blue (especially in the center), have five petals, three large, green, leaf-like bracts, and a diameter of approximately 4.5-6 cm, depending on the type of passion fruit. Additionally, the flower consists of five stamens with large anthers, an ovary, and a triple-branched style that forms a prominent central structure. the purple (Passiflora edulis) the yellow (Passiflora edulis flavicarpa) passion fruit Some other important times are the sweet granadilla (Passiflora ligularis), and the giant granadilla (Passiflora quadrangularis L.) The P On the other hand, the is more suitable for sub-tropic conditions because it is sensitive to low temperatures and has moderate vigor. When it comes to pulp, the purple variety fruits are preferred by consumers due to the higher quality (lower acidity, stronger aroma, and flavor). The purple form of passion fruit has black seeds, while the yellow form has brown seeds. https://www.growables.org/information/TropicalFruit/Passionfruit.htm https://naads.or.ug/passion-fruit-production/ https://ufdcimages.uflib.ufl.edu https://prsvkm.kau.in/book/ https://pdf.usaid.gov/pdf_docs/PA00KC9Z.pdf Knight, R. J., Jr. and J. W. Sauls. 1994. The Passion Fruit . HS60. Gainesville: University of Florida Institute of Food and Agricultural Sciences. https://edis.ifas.ufl.edu/publication/HS1406 passion fruit variety"
https://wikifarmer.com/market/en/olive-oil/,10/19/2023 20:04,"OLIVE OIL Pomace oil 5lt. PET Pomace Oil 5L - PET packaging Olive OIl 5lt -PET Olive Oil 5lt PET Carthage Olive Oil 1 liter, Special kitchen glass bottle, origin Tunisia Extra virgin olive oil of Italian origin 1 litre bottle (6-pack) Extra virgin olive oil of Italian origin - Bag in Box 3 litres - 2 pieces each box OLIVE OIL 5 LITRE TIN EVO OIL 3 LT TIN Extra virgin olive oil 5l EXTRA VIRGIN OLIVE OIL 100% MONOCUTIVAR CORATINA - 1 LITRE - GLASS PACKAGING EXTRA VIRGIN OLIVE OIL CORATINA MONOCULTIVAR 100%, IN CAN OF 1 LT EXTRA VIRGIN OLIVE OIL 100% MONOCUTIVAR CORATINA - 3 LITRE Extra Virgin Olive Oil 100% Italian - Can 5lt Coratina Variety (Puglia) EXTRA VIRGIN OLIVE OIL 100% MONOCULTIVAR CORATINA - 5 L TIN CAN COLD PRESSED EXTRA VIRGIN OLIVE OIL BOTT OF 0,75 AVAILABLE IN ALL FORMATS EVOO 5 liter PET Extra Virgin Olive Oil - variety: Hojiblanca & Picual 1 Liter Extra Virgin Olive Oil 5lt - PET Carthage Virgin Olive Oil 1 litre, glass bottle, origin Tunisia Extra Virgin Olive Oil Premium early harvest cold extraction PET 1 L Extra Virgin olive oil on demand from Tunisia (Regueb, Sidi bouzid) Extra Virgin Olive Oil (EVOO) 5L PET Extra Virgin Olive Oil 5L ICHOR Spanish Extra Virgin Olive Oil - 5L PET Spanish EVOO 1lt PET Extra virgin olive oil 5lt - pet packaging Extra Virgin Olive Oil, 5 L Jerrycan PP Organic Extra Virgin Olive Oil AGALLIS 5 LT Extra virgin olive oil 5lt - Tin packaging EVOO HOJAILEN ARBEQUINA CORNICABRA750 ML Extra virgin olive oil 100% Italian - in 5L cans BIO monocultivar coratina 3L Extra virgin olive oil ethically organic, pack of 2 cans of 5 liters, total 10 liters. Organic Extra Virgin Olive Oil Muntirriali 5 liters tin Muntirriali organic extra virgin olive oil 3 liters cans Organic extra virgin olive oil Muntirriali 1 liter bottle Olive oil 5 liters acidity 0.36% Koroneiki variety Organic Extra Virgin Olive Oil 5 Liters x 3 PET EXTRA VIRGIN OLIVE OIL PET 1 LITER GIL LUNA Olive Oil 1L - Glass bottle Extra-virgin olive oil tondina and carolea varieties 100% italian in 5 litres bag box Israel VARIETY PACKAGING SIZE PACKAGING TYPE ACIDITY Products found 1057 Price per Litre 1057 Greece (400) Spain (331) Italy (285) France (11) Tunisia (6) Extra Virgin Olive Oil (936) Other Olive Oil (108) Olive Pomace Oil (7) Virgin Οlive Οil (6) HACCP Certified (21) Health claims (14) PGI (14) IFS Food (12) BRC (BRCGS) (11) ISO 9001 (7) ISO 14001 (6) Multivarietal (262) Koroneiki (163) Coratina (62) Other (24) Picual (21) Arbequina (15) Nocellara del Belice (13) Tonda Iblea (13) 500ml (227) 250ml (176) 5L (169) 1L (117) 3L (83) 750ml (79) 100ml (47) 2L (16) Glass (373) Metal Tin (212) PET (46) Other (32) Bag-In-Box (23) IBC Tank (2) % On Discount (160) €18.02 5L - €3.60 / L €20.75 5L - €4.15 / L €9.43 2L - €4.72 / L €5.09 1L - €5.09 / L 99 PiecesMinimum 99 Pieces €39.36 5L - €7.87 / L 14 PiecesMinimum 14 Pieces €39.40 5L - €7.88 / L Maroussi - Athens, Greece 1L - €8.00 / L 120 Pieces Houdain, France €48.00 6L - €8.00 / L Castel San Lorenzo, Italy 5L - €8.00 / L Biccari, Italy €24.00 3L - €8.00 / L Cantallops, Spain €16.50 2L - €8.25 / L 31 Pieces €8.30 1L - €8.30 / L 61 PiecesMinimum 61 Pieces Corato, Italy 3L - €8.33 / L €42.00 5L - €8.40 / L Grumo Appula, Italy 4.00 -16% 0.75L - €8.40 / L Squillace Lido, Italy €42.12 5L - €8.42 / L Rosselló, Spain €8.45 1L - €8.45 / L Periana, Spain €42.28 5L - €8.46 / L Στέρνες, Greece 1L - €8.50 / L €85.00 Regueb, Tunisia €43.00 5L - €8.60 / L Ag. Ioannis Rentis, Greece Hvalsø, Denmark €43.17 5L - €8.63 / L 180 Pieces €8.67 1L - €8.67 / L 675 Pieces €43.47 5L - €8.69 / L Raches, Greece €43.50 5L - €8.70 / L Barcelos, Portugal €44.00 5L - €8.80 / L VONITSA, Greece €44.55 5L - €8.91 / L €6.70 750ml - €8.93 / L PUERTOLLANO, Spain 5L - €9.00 / L 15 Pieces Mirabello, Italy Foggia, Italy €27.00 3L - €9.00 / L Andria, Italy €90.00 10L - €9.00 / L Agrigento, Italy Ialysos / Rhodes Island Greece, Greece €137.00 15L - €9.13 / L €9.18 1L - €9.18 / L 540 Pieces Mairena del Alcor, Spain €46.00 5L - €9.20 / L Altomonte, Italy"
https://wikifarmer.com/passion-fruit-history-uses-and-nutritional-value/,10/19/2023 20:04,"Passion Fruit: History, Uses and Nutritional value Origin of passion fruit and global production Uses and Nutritional Value of Passion Fruit The Passion Fruit is a woody perennial, fast-growing climber-vine that has 2 main types: the purple (Passiflora edulis) or the yellow (Passiflora edulis flavicarpa) passion fruit. Among the 2, the purple passion fruit type is more popular. The plant is native to South America and, more specifically, to Brazil (North Argentina and Ecuador). The plant was introduced in other parts of the world in the 19th century and became native and widely grown in India and Hawaii. Nowadays, the crop can be found almost in every country of the tropical belt and the global production is estimated to fluctuate from 640,000-850,000 tons per year. South America is still the biggest producer of passion fruit, with Brazil, Mexico, and Ecuador being the top 3 countries. Other large passion fruit producers are Australia, Columbia, South Africa, Zimbabwe, Kenya, Taiwan, Japan, and Hawaii. Over the years, passion fruit has been used for consumption as a food source (fresh), mainly as juice blended or not with other fruits like mango or pineapple. It has also been used for medical purposes as a sedative. Except for the fruit, the leaves and flowers of the plant have been used for tea production and a drink called maracuja grande. In Costa Rica passion fruit is also used for the production of a wine called “Parchita Seco”, while in Switzerland, it is also used for the production of a soft drink called “Passaia”. Except for its superior taste, passion fruit is considered to be a nutritious fruit (fresh or its juice). An average fruit weighs around 43 grams and consists of 30-32% of juice. Based on UCDA, 100 g of raw passion fruit contain: Passion fruit has been used for medical purposes. Thanks to its important bioactive compounds mentioned above, passion fruit has been attributed with anti-inflammatory, antidiabetic, and antistress activities while it also protects the human body from cardiovascular disease. It has also been used for medical purposes as a sedative. Except for the fruit, the leaves and flowers of the plant have been used for tea production and a drink called maracuja grande . In Costa Rica passion fruit is also used for the production of a wine called “Parchita Seco”, while in Switzerland, it is also used for the production of a soft drink called “Passaia”. Water: 73 g Calories – Energy: 97 kcal Protein: 2.2 g Carbohydrates: 23.4 g Sugar: 11.2 g Fiber: 10.4 g Phosphorus: 68 mg Potassium: 348 mg Vitamin C: 30 mg Vitamin A: 64 μg or 1270 IU Carotene beta: 743 μg https://fdc.nal.usda.gov/fdc-app.html#/food-details/1102676/nutrients https://agritech.tnau.ac.in/banking/pdf/Passion%20Fruit.pdf https://www.fgcu.edu/cas/communityimpact/foodforest/files/passionfruit-ada.pdf http://www.agriculture.gov.vc/agriculture/images/stories/PDF_Documents/Growing-Passion-Fruit-in-the-West-Indies.pdf https://www.sciencedirect.com/book/9780128127803/nutritional-composition-and-antioxidant-properties-of-fruits-and-vegetables passion fruit passion fruit nutritional value passion fruit origin passion fruit uses"
https://wikifarmer.com/category/exotic-fruits/passion-fruit-passiflora/,10/19/2023 20:04,"Passion Fruit (Passiflora) Passion Fruit: Harvest, Yield and Storage Important Passion Fruit Pests Important Passion Fruit Diseases Passion Fruit Plant Care: Irrigation and Fertilization of Passion Fruit Training and Pruning of Passion Fruit Plant Propagation and Trellising of Passion Fruit plants Passion Fruit: Soil & Climate Requirements, Land Preparation and Planting Passion fruit: Types-Varieties of Passion Fruit and Plant Characteristics When and How to Harvest Passion Fruit Ripening: The developing passion fruit remains green until it reaches full maturity. At this point, it undergoes a rapid color change within a […] Which are the major pests infesting passion fruit? Root knots and cysts Nematodes that invade the roots are the most common pests on Passiflora species. Nematodes and 2 fungi, species […] What are passion fruit’s major diseases, and how can they be controlled? – Passion Fruit Plant Protection Anthracnose (Colletotrichum gloeosporioides) Frequently occurs following mechanical wounding of the plant, which provides […] Irrigation and Water needs of passion fruit Passion fruit has moderate to high water requirements, and adequate soil moisture is required to maintain good plant establishment, vigorous vegetative growth, and […] Training of Passion Fruit Passion vines naturally climb up any available trees or rocks and spread out to catch the available sunlight. In cultivation, vines should be trellised and trained […] How to propagate passion fruit plants In general, passion fruit can be propagated by (fresh) seeds, cutting, grafting, and air layers. In all cases, it is essential to use disease-free […] Soils and Climate Requirements of passion fruit Passion fruit thrives in tropical and subtropical environments and frost-free climates, with high humidity and annual rainfall from 600mm to 2000 mm (USDA […] Plant Information and Morphology of Passion Fruit The Passion Fruit (Passiflora edulis of the Passifloraceae family) is a woody perennial, evergreen, fast-growing climber vine that has 2 main types: the […] Origin of passion fruit and global production The Passion Fruit is a woody perennial, fast-growing climber-vine that has 2 main types: the purple (Passiflora edulis) or the yellow (Passiflora edulis […]"
https://wikifarmer.com/category/exotic-fruits/pineapple-plant/,10/19/2023 20:04,"Pineapple plant Pineapple Crop Protection Planting of Pineapple – Pineapple Plant Density Pineapple Variety Selection Pineapples Plant Information and Environmental Requirements Pineapple Harvesting, Handling, Storage, and Selling Pineapple Flowering, Pollination, and Pruning Pineapple Fertilization Requirements Pineapple Water Needs and Irrigation Systems Soil Requirements and Land Preparation for Pineapple Pineapple History, Uses and Nutritional Value Pineapple Pests, Diseases, Physiological Disorders and Weed Management Pineapple crop protection Like many other crops, pineapples are greatly affected by both biotic and abiotic stresses, which significantly reduces crop yields […] Pineapples are propagated asexually, and their propagation materials can come from various parts of the plant. The most common parts that are used for propagation are slips, hapas, crowns, and […] Which are the most popular pineapple varieties globally? There are numerous types and options available worldwide; however, for practical reasons, emphasis has been given to the most important varieties for […] Pineapples Plant Information – Morphology The pineapple plant is a perennial plant and is the leading edible member of the Bromeliaceae family [1]. The plant’s principal morphological structures include the […] Pineapple is a non-climacteric fruit whose quality, such as the total amount of sugars known as total soluble solids (TSS) and taste, does not increase after harvesting. The taste and […] Pineapple Flowering and Pollination The flowers are not externally visible for 45–60 days after planting (1). From the apical meristem, pineapple flowers grow in ascending order for up to 15 […] Nutrition needs of pineapples Firstly, it is essential to remember that in order to define and cover the fertilization needs of the crop, the grower should consider performing a soil […] How much water does a pineapple need – When to irrigate pineapples First, it is essential to point out that understanding the consumption rates over a crop’s phenological stages and […] Soil preparation is critical to ensuring proper root growth, particularly in the deeper soil layers. To permit plant root growth, the soil must be friable to a depth of at […] Pineapple History Pineapples (Ananas cosmosus) are believed to have originated from central and south America (the west Indies) in which it is believed that Natives of South and Central America […]"
https://wikifarmer.com/category/trees/apricot-tree/,10/19/2023 20:04,"Apricot tree How to store apricots Apricot Pests, Diseases, and Physiological Disorders Harvesting Apricot Trees – Apricot Tree Yield and Storage Apricot Tree Fertilizer Requirements Apricot Trees Irrigation – How to water Apricot trees How to Train and Prune Apricot Trees How to Propagate and Pollinate Apricot Trees Apricot Soil Requirements, Soil preparation, and Planting Growing Apricot Trees for Profit Nutrition Value, Health Benefits, Uses, and Interesting facts about Apricot How to preserve apricots – Ideal storing conditions for Apricots The average total yield of an apricot orchard can reach 13 to up to 25 tons of fruits per hectare […] Apricot Pests and Diseases The plant protection of Apricot trees against various pests and diseases is usually necessary, especially in cases where apricot is grown in large areas (monoculture, many […] Apricot Tree Yield A healthy mature apricot tree may produce, on average, around 154 lbs or 70 kg of apricots. This means that the total yield of an apricot orchard […] First of all, before establishing your apricot orchard or applying any fertilization method, it is essential to perform a soil analysis in order to have more information concerning the soil […] Although apricot is believed to have greater drought tolerance than peach (almost similar to the almond tree), it is essential to maintain adequate moisture in the soil, especially in the […] Training young apricot trees Apricots are very lively trees in general, meaning they have a considerable growth rate and produce a significant number of shoots even when still in the […] Apricot Propagation The apricot tree is mainly propagated vegetatively to maintain the variety purity and, as a result, the desirable characteristics. Trees can be propagated by grafting (T-grafting) or budding […] What are the soil requirements for Apricots? Although it is more tolerant to drought than a peach tree, the Apricot tree prefers deep, well-drained soil to thrive. On the other […] Growing Apricot Trees for Profit Apricot tree cultivation –if done rationally and on a scalable basis- can be a good source of income. First of all, tree cultivation such as […] Apricot Tree Fast Facts Apricot trees are deciduous (they lose their leaves during the winter) The tree produces stone, edible and versatile fruits. It belongs to the Rosaceae family. It […]"
https://wikifarmer.com/category/trees/peach-tree/,10/19/2023 20:04,"Peach tree Peach Pests and Diseases Peach yield per hectare, Harvesting methods, and Storage Peach Tree Fertilizer Requirements Irrigating Peach Trees – How much Water do Peach Trees need? How to Train and Prune Peach Trees Propagation and Pollination of Peach trees Peach Tree Soil Requirements, Soil Preparation, and Planting Growing Peach Trees for Profit – Peach Farming Guide How to Grow Peaches from Seed (Stone) Peach Tree Information, Variety Selection, and Environmental Requirements What are the major pests and diseases in peach trees, and how to control them Unfortunately, peach trees suffer from various fungal and bacterial diseases and various pests. The farmer […] Peach yields The peach and nectarine fruit yield highly depends on the variety, the training and pruning system applied, the planting distances, the environmental condition, and the agricultural practices (e.g., […] First of all, before establishing your peach orchard or applying any fertilization, it is essential to perform a soil analysis to have more information concerning the soil characteristics and nutrient […] Peach Water Requirements Irrigation is one of the most critical operations and is essential to the success of a peach orchard (good vegetative growth, high yields, and quality fruits). In […] Peaches are very lively trees in general, meaning they have a considerable growth rate and produce a significant number of shoots even when still in the plant nursery. Thus, pruning […] How to Propagate Peaches Peach trees can be propagated by seed, cuttings (use of hardwood cuttings), grafting, and budding. However, among these options, commercial farmers often use only the last […] Peach Tree Soil Requirements – Site selection for planting Peach Trees The peach tree prefers middle, well-drained sandy loam soils and around 4 feet (1.2 m) deep. Heavy soils are […] Peach cultivation –if done rationally and on a scalable basis- can be a good source of income. First, growing trees, such as peach trees, requires many years of land exploitation. […] As it happens in many fruit trees (citrus, apples, fruits, etc.), a peach tree grown from seed may not manage to germinate. Even if it does, it will probably not […] Peach Trees Information The peach is a deciduous tree (it loses its leaves seasonally) and can reach up to 7.6 m (25 ft) of height if left unpruned. It belongs […]"
https://wikifarmer.com/category/trees/coffee-plant/,10/19/2023 20:04,"Coffee plant Coffee tree Harvesting – Coffee Berries Picking Coffee Major Pest and Diseases and Control Measures Weed Management in a Coffee Plantation – What is chemical weed control in coffee? Coffee Tree Fertilization Requirements From Rainwater Harvesting to Irrigation of Coffee Trees Coffee Tree Flowering and Pollination Shade-Grown Coffee in an Agroforestry System How to Prune your Coffee Trees in an Agroforestry System Coffee Trees Planting and Plant Spacing Germination of Coffee Seeds and Creation of Seedbeds for Planting The Subtle Art of Selective Picking Picking and harvesting coffee berries is a crucial step in production. It is a complex process that requires careful attention to detail to ensure […] Plant protection Coffee is a crop that is susceptible to a variety of pests and diseases. Some common pests that affect coffee plants include coffee berry borer, coffee leaf miner, […] Weeds can compete with coffee plants for nutrients, water, and sunlight, reducing crop yields. Keeping your plantation safe is a year-round task that requires constant monitoring and management to control […] Until now, we have gone through some of the different necessary requirements when cultivating coffee. Before moving on to establishing your plantation, let us review some key details: Make sure […] One of the most common questions I get has to do with how I irrigate my crop. In general, coffee requires a moderate amount of water to produce a high […] Coffee plants are self-pollinating as their flowers are hermaphrodites. They don’t require another coffee plant to produce their fruit. This single fact might account for there not being an exact […] In another article, we discussed how coffee plants could be cultivated using rain or installing an irrigation system. When it comes to solar exposure, there are also two methods for […] Robusta and Arabica coffee trees are pruned for several reasons. One of the main reasons is to control the size and shape of the tree, making it easier to maintain […] Before planting, you must research and learn basic details like your land’s soil and surface. A 45-degree slope is the recommended limit of inclination that terrain should have. If all […] Selection of seeds, germination, and creation of coffee seedbed (Part 2) How to create your own coffee plant nursery As we previously mentioned, the germination of a coffee seed is […]"
https://wikifarmer.com/growing-olive-trees/,10/19/2023 20:04,"Growing Olive Trees How to grow Olive Trees – Olive Commercial Cultivation Growing olive trees commercially first requires suitable climate conditions and the selection of a field with certain characteristics. In a few words, olive trees prefer well drained soils (flat or with gentle slope) and exposure to direct sunlight. They cannot tolerate temperatures below 20 °F (-7 °C) for many days, but a certain amount of cold is necessary for the fruit development. This is the reason why olive trees cannot be grown in tropical climates. The average olive tree starts to produce olives at the age of 4-5 years and they will continue to eternity. There are findings suggesting that in some cases 1800 years old trees still produce sprouts. The olive tree responds greatly to irrigation and fertilization, while pruning is necessary at least every other year. Provided you take care of your olive trees, you will harvest an average production of 50-200 pounds (22 to 90 kg) per every mature healthy tree. Having a good understanding of Alternate Bearing is essential for cultivating commercially olive trees. You can enrich this article by leaving a comment or photo of your olive farm management methods and practices."
https://wikifarmer.com/market/en/nuts-superfoods/pistachios-and-peanuts/,10/19/2023 20:04,"PISTACHIOS AND PEANUTS Shelled peanuts 38/42 Jumbo - Argentina Peanuts Roasted Peanuts 5 kg Roasted Peanuts 500g Roasted Peanuts 250 gr Pistachios in shell Pistachio 5kg Peanut 250gr Pistachio 1kg Greek Pistachios raw Greek (package 5 kg) Raw pistachio Greek Pistachios raw 1kg Pistachio 500gr Roasted Pistachio Salted (Gluten FREE) Roasted Pistachio Slightly Salted (Gluten FREE) Roasted Pistachio Unsalted (Gluten FREE) Peanut in Shell Baked with Salt 250gr Greek Pistachio type Aegina roasted 1 kg Roasted Pistachio type Aegina (Package 25kg) Roasted-salted organic pistachio nuts 1 kg Pistachio 250gr Shelled pistachios SICILIAN PISTACHI - 500gr Raw Peanut Kernel 250gr Pistachio kernel Pistachio Kernel Baked with Salt 250gr Peanut Kernel baked without salt 250gr Shelled pistachios BIO - 250 gr Sicilian Pistachio Pistachio nuts for sale grade AA Double Size Ana Çıtlak Gaziantep Pistachio 1 kg Peanuts in shell 1kg Pistachio nuts, shelled Pistachio PDO of Raffadali in 1 kg bags Denmark Sudan Products found 41 41 Italy (15) Turkey (1) Sudan (1) HACCP Certified (6) ISO 22000 (6) On Discount (7) €2.12 1kg - €2.12 / kg €117.56 50kg - €2.35 / kg Juba, Sudan €18.00 5kg - €3.60 / kg 400g - €4.50 / kg 278 Pieces 500g - €5.00 / kg €2.20 400g - €5.50 / kg 228 Pieces 250g - €6.40 / kg €10.21 1kg - €10.21 / kg €58.00 5kg - €11.60 / kg -5% Μεγαρα, Greece €12.20 41 PiecesMinimum 41 Pieces €13.40 €13.59 1kg - €13.59 / kg 37 PiecesMinimum 37 Pieces volos, Greece €13.62 1kg - €13.62 / kg €14.00 -12% €3.70 250g - €14.80 / kg 140 Pieces Ocaña, Spain 0.25kg - €20.00 / kg €20.57 1kg - €20.57 / kg €11.90 500g - €23.80 / kg €6.30 250g - €25.20 / kg 80 Pieces €26.41 1kg - €26.41 / kg €6.80 250g - €27.20 / kg €8.64 250g - €34.56 / kg 58 Pieces 1kg - €59.00 / kg 2kg Randers, Denmark Istanbul, Turkey €25.33 1kg - €25.33 / kg Raffadali, Italy"
https://wikifarmer.com/olive-tree-information/,10/19/2023 20:04,"Olive Tree Information Olive Tree Wiki – Olive Tree Info & Uses The olive tree is a perennial, evergreen tree that can live and produce olives for more than a century. In some rare cases, olive trees have been reported to live and produce sprouts at an age of 1800 years old. The tree reaches a height 15-65 ft. (5-20 meters). As it happens with most trees, the height of the tree is affected by the vividness of the subject or of the variety, the soil and climate conditions, and finally the cultivation methods used. The trunk is cylindrical, smooth on young trees and bumpy in older, because lumps of varying size appear as the time goes by. The root system of the olive trees develops vertically until the third to fourth year of its life. Later on, the original root system is replaced by another flocculent root system, produced mainly by spheroblasts or conger, formed in the olive tree neck, just below the soil surface. The root system development method is mainly determined by the nature of the soil. In some cases, it is reported that olive trees developed roots, which had reached 40 ft. (12 meters) in width and 20 ft. (6 meters) in depth. Olive trees are cultivated globally in an area covering more than 15 million hectares. The number of cultivated olive trees reaches and maybe exceeds the stunning number of 1 billion. About 80% of these trees are located in the Mediterranean region. Countries such as Spain, Italy, Greece, Tunisia and others traditionally export olive oil, which is the cornerstone of the agricultural economic development and sustainability of some of those countries. However, other countries such as USA, Australia, Japan, China etc. have during the last two decades realized the huge economic and strategic importance of olive trees. Thus, they have given financial motives to olive growers, in an effort to become autonomous in olive products. The olive tree plays a very important role, because not only does it utilize land that is unsuitable for other crops, but also helps to protect the soil from erosion. The main products produced by olive tree are olive oil and table olives. The pomace of olives is also important for industrial use. Some other by-products that may have economic importance are the leaves, wood, core etc. Finally, olive trees are often grown in pots indoors or outdoors as ornamental. The genus Olea includes 30 different species, which are cultivated in five continents. The most important of these are: Olea europea. L., subspecies euromediterranea, Olea europea. L., subspecies cuspidate Vall, Cif, Olea europea. L., subspecies laperrini Batt and Trab, Olea chrysophylla Lamk, Olea hochstetteri, Olea somaliensis, Olea subtrinervata 1.) Olive Tree Information & Uses 2.) Growing Olive Trees 3.) Are Olive Farms profitable? 4.) Olive Tree Alternate Bearing 5.) Olive Tree Propagation & Pollination 6.) Olive Tree Climate – Temperature Requirements 7.) Olive Tree Soil Requirements 8.) Planting Olive Trees 9.) Olive Tree Fertilizer Requirements 10.) Olive Tree Water Requirements 11.) Olive Tree Pruning 12.) Harvesting Olives 13.) Olive Trees Diseases and Pests 14.) Q&As Olive Trees Olea europaea olive olive tree"
https://wikifarmer.com/growing-orange-trees-for-profit/,10/19/2023 20:04,"Growing Orange Trees for Profit How to start an Orange Orchard – Growing Orange Trees Commercially The success of a commercial citrus farm depends on the climate conditions of the region, the selection of the appropriate location, the soil, the selection of appropriate subjects and varieties and the cultivation methods (irrigation, pruning, fertilization). In general, grafted orange trees start to produce orange fruits at their 3rd or 4th year of age and –if they stay healthy – they will continue to do so for half a century. However, their most productive period is between 10 and 40 years old. The average healthy and mature orange tree produces 200-350 oranges. However, experienced orange farmers after years of practice can harvest between 400 to 600 oranges per tree. It has been reported that some exceptional large orange trees in Israel and the Mediterranean region may bear 1000 to 1500 fruits per year, after optimizing fertilization and irrigation methods throughout the years. The average orange weighs 5 oz. (140 g). As it happens in many trees, orange tree has a small tendency towards alternate bearing. Alternate bearing is the tendency of some fruit trees to produce a greater than average yield in year 1 and a lower than average yield in year 2. However, if orange trees receive proper care (irrigation, fertilization, light pruning etc.) the production will be normalized throughout the years of their prime. Contrary to vegetable (tomato, pepper etc.) growers, orange growers benefit from orange’s resistance to transport (due to its thick crust) and its ability to be stored for a long time under certain conditions. The latter can give orange growers more time to negotiate better prices for their products and to benefit from orange prices fluctuation throughout the year. 17.) Orange Fruits Wholesale Market"
https://wikifarmer.com/orange-tree-information/,10/19/2023 20:04,"Orange Tree Information Orange Tree Wiki – Orange Tree Info & Uses Orange tree is a citrus evergreen tree with a productive lifespan of 50-60 years. Some well-cared orange trees can live up to 100 years or more. Orange plant (Citrus x sinensis) belongs to the Rutaceae family. It is a flowering tree and its height in maturity can range between 16 and 50 ft. (between 5 and 15 m). Orange tree is grown mostly for its fruits, but also for its flowers and as an ornamental. Brazil is the world leader in orange production, as for every 4 oranges that are produced worldwide, more than 1 is produced in Brazil. However, the United States, Mexico, India and China are also great orange producers. Orange trees, as all citrus, are trees with one main timber. Their principal arms normally sprout from the trunk at a height of 23-46 inches (60 to 120 cm) from the ground. Their shank is cylindrical and the crown of most cultivars is typically spherical, although the shape can vary depending on how the trees are pruned. Orange trees -although evergreen- are characterized by a tendency to constantly renew their foliage. During the first few years until the completion of the tree development, the annual amount of newly formed leaves is higher than that of old leaves that tend to fall. Young leaves come in light green colour and receive a deeper green colour gradually. The fruit is a berry in orange coloured skin and orange to red flesh, depending on the variety. Both the surfaces of fruit and leaves is full of oleaginous glands, which give orange its characteristic smell. Orange trees usually bloom in spring. Although they produce a large number of flowers, only a small percentage of these finally develop into ripe fruits. Orange flowers are normally white, with a very pleasant odour. You can enrich this article by leaving a comment or photo of your orange trees. 1.) Orange Tree Information 2.) Orange Health Benefits 3.) Orange Fruit Facts 4.) How to grow Orange Trees from seed 5.) How to grow an Orange Tree from cuttings 6.) Growing Orange Trees for Profit 7.) Orange Tree Climate & Soil Requirements 8.) Choosing Orange Tree variety 9.) Orange Tree Propagation & Pollination 10.) Planting Orange Trees 11.) Orange Tree Fertilizer Requirements 12.) Orange Tree Water Requirements 13.) Pruning Orange Trees 14.) Orange Tree Harvest & Yields 15.) Orange Tree Diseases and Pests 16.) Q&As Orange Tree 1.) Citrus × sinensis orange"
https://wikifarmer.com/market/en/nuts-superfoods/walnuts/,10/19/2023 20:04,"WALNUTS Chandler walnuts in shell Walnuts Harley 2022 harvest Walnut Franquette 5kg greek walnuts in shell Quarters Bio Walnut Kernel Walnuts Chandler with Cell 1kg Walnuts in shell 1kg Halves Bio Walnut Kernel Walnuts without shell 20% USA Chandler walnut 34-36 in shell - premium quality - bag 10kg origin Spain Whole Bio Walnut Kernel Pecan nuts in shell Ukranian walnuts kernels 1/2, Light, Light colour - Carton Box 10kg Walnuts in shell 20pcs x 500gr Walnuts - origin Ukraine Walnuts in shell 10pcs x 1kg NUTS IN SHELL 1kg Howard variety Walnuts in shell Howard variety 500 gr Walnut kernels 1kg PECAN NUT MAHAN 1ª MAMMOTH - RAFFIA SACK 10KG ORIGIN SPAIN Chandler nuts without shell in half - 1kg Walnut Chandler in kernels GROWEX extra light walnut halves Walnuts, unshelled 20 pcs x 500 gr Shelled Walnut Chandler Premium Extra 10kg box (2 bags x 5kg nitrogen) Walnuts, unshelled 500 g White Walnut Kernel 200gr Bag Brazil Nuts 1 kg Chandler walnut 32-34 in shell first quality - bag 10kg origin Spain Walnuts in Shell (4 kg net) Walnuts 1kg Chandler walnuts with shell WALNUT 80% - format 10 kg - harvest 2021 Walnuts in shell 2 kg Walnuts 1 kg Chandler variety La Canenera shelled walnuts 1 kilo bag Walnut Kernels 1/4 Ukrainian - 10kg bag - price per kg Ukraine Latvia Romania Products found 46 46 Greece (15) Spain (12) Italy (11) Ukraine (4) Romania (1) On Discount (8) Atalanti, Greece -26% €2.60 1kg - €2.60 / kg Valencia Spain, Spain 5kg - €3.00 / kg MONTLAUR EN DIOIS, France €3.30 1kg - €3.30 / kg 152 Pieces ERMIONI, Greece €3.50 1kg - €3.50 / kg 145 Pieces Katerini, Greece Vinnitska, Ukraine €3.60 1kg - €3.60 / kg 141 Pieces Omvriaki, Greece -31% €3.80 1kg - €3.80 / kg 132 PiecesMinimum 132 Pieces €4.70 1kg - €4.70 / kg 107 Pieces €4.80 1kg - €4.80 / kg Barcelona, Spain 6kg - €4.92 / kg €59.90 11kg - €5.45 / kg €5.64 1kg - €5.64 / kg Delicias, Mexico €59.00 10kg - €5.90 / kg €65.00 11kg - €5.91 / kg €6.35 1kg - €6.35 / kg 79 PiecesMinimum 79 Pieces L'viv, Ukraine €72.00 11kg - €6.55 / kg 1kg - €7.00 / kg 0.5kg - €8.00 / kg €8.32 1kg - €8.32 / kg €11.00 1kg - €11.00 / kg 46 Pieces €11.45 1kg - €11.45 / kg €130.00 11kg - €11.82 / kg €128.80 10kg - €12.88 / kg €7.20 500g - €14.40 / kg 70 Pieces €4.31 200g - €21.55 / kg 117 Pieces OMVRIAKI, Greece €22.61 1kg - €22.61 / kg €4.30 1kg - €4.30 / kg -8% €18.36 4kg - €4.59 / kg €5.99 1kg - €5.99 / kg 85 Pieces Giannitsa, Greece €6.85 1kg - €6.85 / kg 480 PiecesMinimum 480 Pieces 2kg - €7.50 / kg Savigliano, Italy 59 PiecesMinimum 59 Pieces €15.12"
https://wikifarmer.com/market/en/nuts-superfoods/almonds/,10/19/2023 20:04,"ALMONDS New Harvest Almond with shell 1 kg Almonds in shell, from Italy Shelled Almonds, Ferragnes, 1000kg, in sacks Almond Pizzuta or Tuono or Fascionello or Romana in shell 1kg production 2022 organic Bellona almond in shell 4 kg Sicilian Almonds in Shell 5 kg Greek Firania Almonds A'Ntrita® - Almonds in shell Bio 5 Kg - 100% Italian - Made in Sicily Sicilian Almonds with Shell, 1 Kg 2023 special peckage Almond in shell, from spain Valencia region, common category, 2023 harvest Almond Kernel Non Pareil 32/34 American - Bag 25kg Organic Sicilian almonds in shell - 500 g package Sicilian organic almonds in shell - Pack of 1kg Raw Texas Almonds 1kg Almonds Fyrania raw Greek (package 25 kg) Almonds Fyrania Raw 1 kg Fyrania Almonds baked unpacked (Package 25 kg) Almonds, Lauranne Variety 1kg Sicilian peeled almonds Raw almond 1 kg Almonds in shell 10kg Αlmonds Firania roasted 1 kg Raw Almond kernels 250gr Almonds Filippo Cea in shell 1 kg Almond shelled Sicilian Almonds 1 kg 2023 Almonds thunder, pack 1kg Raw White Almond 1 kg ""Convicinum"" Organic Shelled Almonds Raw Almond 330g in Vacuum Package Raw Almond 175gr in Doy-pack A'Ntrita® - Organic Shelled Almonds 5 Kg - 100% Italian - Made in Sicily Organic unpeeled Ferragne variety almonds 1kg. Shelled almonds Filippo Cea from Toritto Organic Sicilian almonds without shell - Pack of 1kg Sicilian organic almonds grains - Pack of 1kg A'Ntrita® - Bio shelled almonds 500 gr - 100% Italian - Made in Sicily ALMONDS WITHOUT SHELL Germany Tunisia Products found 74 74 Italy (42) Greece (17) Spain (9) Turkey (2) United States (1) Organic (31) On Discount (15) Iasmos, Greece €250.00 100kg - €2.50 / kg Santeramo In Colle, Italy -7% €2.80 1kg - €2.80 / kg München, Germany -50% 170 Pieces Vittoria, Italy Quinto, Spain -15% €16.90 5kg - €3.38 / kg 30 Pieces Gela, Italy 130 Pieces €23.56 5kg - €4.71 / kg €14.23 3kg - €4.74 / kg 36 Pieces €4.89 1kg - €4.89 / kg €500.00 Cabanes, Spain €5.19 1kg - €5.19 / kg 97 PiecesMinimum 97 Pieces €140.00 25kg - €5.60 / kg 4 Pieces 500g - €8.00 / kg 128 PiecesMinimum 128 Pieces 1kg - €8.00 / kg €8.15 1kg - €8.15 / kg 62 Pieces Serres, Greece €8.97 1kg - €8.97 / kg 75 Pieces €9.24 1kg - €9.24 / kg 55 PiecesMinimum 55 Pieces €9.78 1kg - €9.78 / kg 1kg - €10.00 / kg La Roda, Spain €10.20 Agioi Anargyroi, Greece €102.00 10kg - €10.20 / kg El Xinorlet, Spain €10.65 47 PiecesMinimum 47 Pieces 250g - €12.00 / kg Terlizzi, Italy €13.00 39 PiecesMinimum 39 Pieces Grammichele, Italy €13.06 1kg - €13.06 / kg 1kg - €15.00 / kg €5.00 330g - €15.15 / kg Δράμα, Greece €2.75 175g - €15.71 / kg 195 Pieces €81.90 5kg - €16.38 / kg 7 Pieces €50.20 3kg - €16.73 / kg €16.83 1kg - €16.83 / kg €17.99 1kg - €17.99 / kg 28 Pieces €94.60 5kg - €18.92 / kg 6 Pieces €19.00 1kg - €19.00 / kg 27 PiecesMinimum 27 Pieces €9.52 500g - €19.04 / kg 53 PiecesMinimum 53 Pieces €58.18 3kg - €19.39 / kg €19.52 1kg - €19.52 / kg 26 PiecesMinimum 26 Pieces €9.90 500g - €19.80 / kg Ribera, Italy 500g - €20.00 / kg"
https://wikifarmer.com/starting-a-pistachio-orchard/,10/19/2023 20:04,"Starting a Pistachio Orchard How to start a pistachio farm – How to grow Pistachio Trees – Growing Pistachios for profit Commercial cultivation of pistachio trees (especially in US) is constantly increasing during the last decades and many growers decide to shift from cotton, soybean and other plants in order to establish young pistachio trees. Growing pistachio trees commercially can be a major source of income in the long term, provided the farmer has made extensive research regarding the basic parameters of the cultivation. First of all, location is maybe the most important parameter when growing pistachio trees for profit. The tree thrives in certain climate conditions and types of soil, and deviating significantly from these requirements (especially the climate) will cost you in terms of production. Secondly, pistachios do not produce a good yield until the 7th or 8th year, even with high quality management from experienced growers. You have to be patient and of course proactive to carry the costs of the first years without expecting remarkable income. To this, you have to add that pistachio tree (as many other fruit trees) has an inherent tendency toward Alternate Bearing (the tree produces a very good yield in one year and a low –if not zero- yield in the following year). This of course creates many problems, as the grower in many cases cannot project the yield of his/her orchard and cannot proceed to timely commercial agreements with merchants. Alternate Bearing also results in revenues’ fluctuations from year to year and hence deterioration of cash flow projections. Pollination, Irrigation, Fertilization, Pruning and Pest Control are very important for the quantity and quality of production and represent the majority of costs. Finally, harvesting is a labor intensive procedure when carried out by hand. In organized pistachio orchards in US, harvesting is made via big tractors that attach to the trees and shake the branches, so that the fruits can fall inside bins, where the sorting is made. Finding such specialized equipment and personnel at the exact time of harvesting can also be a problem, because nearly all pistachios mature at the same time in a region (e.g. California Central Valley), and pistachio farmers often struggle to hire on time those professionals. You can enrich this article by leaving comments of your pistachio orchard profitability. 14.) Pistachio Wholesale Price pistachio tree"
https://wikifarmer.com/pistachio-tree-information/,10/19/2023 20:04,"Pistachio Tree Information Pistachio Tree Facts – Pistachio Tree AZ This post is also available in: Español (Spanish) Français (French) Deutsch (German) Nederlands (Dutch) العربية (Arabic) Türkçe (Turkish) 简体中文 (Chinese (Simplified)) Italiano (Italian) Português (Portuguese (Brazil)) Pistachio tree is a deciduous, long-living, slow-growing tree that reaches a height of 20-33 feet (6-10 meters). Pistachio tree is a dioecious tree. This means that a pistachio tree can have only male flowers (these trees are called male pistachio trees) or female flowers (the female pistachio trees). In order to set fruits, pollen from male trees must travel through the wind to female trees. Only female trees produce fruits. Consequently, if we want to harvest fruits, we must place ideally 1 male pistachio tree in the center of every 9 female pistachio trees. Male pistachio trees can be easily spotted by anyone, because they are normally higher and much more robust than the female trees. The trunk and branches of pistachio trees have gray color, and it becomes darker over the years. The root system is strong and can reach a depth of 10 feet (3 meters) and a width of 26 feet (8 meters). The leaves begin to fall in late autumn (November in many cases). The female trees that produced fruits lose their leaves first. Then, the female trees that did not bear fruits start to lose their leaves. Finally, the male pistachio trees normally lose their leaves after female trees. The bloom usually takes place during spring (April). In many cases, a great percentage of male flowers bloom far earlier than the female flowers. As a result, a great percentage of pollen can be lost, resulting in decrease of fruit set and production. Thus, some pistachio farmers collect the pollen from male flowers, they store it suitable conditions and they disperse it in the female trees once they have bloomed. This is called artificial pollination. Contrary to other nuts, pistachios grow in clusters, like grapes. The pistachio tree bears fruit in shoots created the year before by ordinary buds. The tree has a tendency towards Alternate Bearing (producing a lot of fruits in one year and not many fruits in the following year). The pistachio tree can normally produce good yields from the 7th year of its age. Its productive life can reach 100 years or more. The pistachio belongs to the Anacardiaceae family. Pistacia genus includes 11 species, but Pistacia vera is the domesticated pistachio tree that is grown worldwide. The pistachio tree probably originated from Central Asia, where thousands of trees were found in areas known today as Iran and Afghanistan. Nowadays, it is cultivated in areas characterized by hot and dry climate, such as US (California), Lebanon, Syria, Iran, India, Turkey, South Europe and other countries of Asia and Africa. You can enrich this article by leaving a comment or photo of your pistachio trees. 1.) Pistachio Tree Information 2.) How to grow Pistachio Tree from nut 3.) Starting a Pistachio Orchard 4.) Pistachio Tree Growing Conditions 5.) Pistachio Tree Propagation and Pollination 6.) Pistachio Tree Soil Conditions and Preparation 7.) Pistachio Tree Planting 8.) Pistachio Tree Training and Pruning 9.) Pistachio Tree Fertilizer Requirements 10.) Pistachio Tree Water Requirements 11.) Pistachio Tree Harvest & Yields 12.) Pistachio Tree Diseases & Pests 13.) Q&As Pistachios pistachio Pistacia vera"
https://wikifarmer.com/starting-a-walnut-orchard/,10/19/2023 20:04,"Starting a Walnut Orchard Walnut tree Commercial Cultivation – How to grow Black and English Walnut for timber or nuts English and Black walnut trees are often included in lists with the top 5 or 10 most profitable plants to grow. Especially the black walnut is widely cultivated in US for its high quality wood, which can be used in furniture, doors, car interiors and gun industry. Growing black walnut trees for wood (timber) can give a remarkable income after a couple of decades. In many cases, a typical black walnut farmer can have various sources of income as the walnut trees mature. During the first years after the orchard establishment, the farmer can have an income from cereals or other crops that are often cultivated between walnut trees. A few years later, the farmer can start thinning some less productive trees and sell them as wood. About 8-10 years after the orchard settlement, the trees can normally produce nuts and some years later the farmer can start removing great branches or whole trees and sell them again as wood. Keep in mind that only selected categories of plants can be cultivated between walnut trees, as the latter produce substances that are toxic to many plants (tomato, potato, alfalfa, blueberry and many more). However, these studies declaring that walnut tree is a profitable plant to grow may assume optimum climate conditions for walnut trees, and these conditions cannot be found anywhere. Consequently, location is maybe the most important parameter when growing walnut trees for profit. The tree thrives in certain climate conditions and types of soil, and deviating significantly from these requirements will cost the grower in terms of production. Secondly, walnut trees do not produce a very good yield of nuts until the 25th or 30th year, even with high quality management from experienced growers. A grower has to be patient and of course proactive to carry the costs of the first years without expecting remarkable income, if none of the previous apply (cereals intercropping, tree thinning etc.). To this, you have to add that the walnut tree (as many other fruit trees) has an inherent tendency towards Alternate Bearing (the tree produces a very good yield in one year and a low –if not zero- yield in the following year). As a rule of thumb, a walnut tree will give good yield only during 2 or 3 years per every 5 years period. In general, growing English or Black walnuts for nuts, wood or both are governed by roughly the same rules and principals, apart from Planting (planting distances and number of trees per hectare). We can say that Propagation, Pollination, Irrigation, Fertilization, Pruning and Pest Control are very important for the quantity and quality of production and represent the majority of costs. Finally, harvesting of nuts is a labor intensive procedure when carried out by hand. In organized walnut orchards in US, harvesting is made via big shaking tractors that attach to the trees and shake the branches, so that the fruits can fall to the ground, where they are collected and sorted. 14.) Walnuts Bulk Price"
https://wikifarmer.com/walnut-tree-information/,10/19/2023 20:04,"Walnut Tree Information Walnut Tree Facts – English and Black Walnut Tree Wiki Although there are various trees in the walnut family (Juglandaceae), with the term walnut we name mostly two different trees, the English walnut and the Black walnut. English walnut (also called Persian walnut) originated in Iran, while Black walnut originated in North America. Both are deciduous trees (the leaves drop when in dormancy) and live more than a century. Both trees are cultivated worldwide for their nuts and their high quality timber, which is widely used in furniture, car interiors, doors and gun industry. However, we can say that English walnut is cultivated more for nuts and less for timber. On the other hand, growing Black walnut trees for timber is very common in US and other countries and is regarded as an investment option that will make great returns in the long term (two or three decades after planting the trees). Black walnut (scientifically called Juglans nigra) can reach a height of 100-120 feet (30-37 meters), while the average English walnut (Juglans regia) reaches a height of 80 feet (25 meters) in maturity. Both walnut trees produce chemicals that are toxic to many plants (tomato, potato, alfalfa, blueberry, apple and many more). The walnuts are the seeds of a drupe and can be eaten fresh or dried. The nut meat is widely used for baking and it is often used as additive in various confectioneries. It is widely added in ice creams, cereal bars and many other sweets and snacks. Nut meat from English walnut tree is also used for producing walnut oil, which is edible. China, Iran, United States and Turkey are the world leaders in producing walnuts. 1.) Walnut Tree Facts & Uses 2.) How to grow Walnut Tree from nuts 3.) Starting a Walnut Orchard 4.) Walnut Tree Climate Requirements 5.) Walnut Tree Soil Requirements & Preparation 6.) Walnut Tree Propagation & Pollination 7.) Planting Walnut Trees – Number of Walnut Trees per Acre 8.) Walnut Tree Pruning and Thinning 9.) Walnut Tree Water Requirements 10.) Walnut Tree Fertilizer Requirements 11.) Walnut Tree Harvest & Yields 12.) Walnut Tree Diseases & Pests 13.) Q&As Walnut Tree 14.) Wholesale walnuts online – Current Walnut Prices Juglans nigra Juglans regia walnut walnut tree"
https://wikifarmer.com/growing-almond-trees-for-profit/,10/19/2023 20:04,"Growing Almond Trees for Profit How to start an Almond Farm – Commercial Cultivation of Almond Trees The almond tree is often included in lists with the top 5 or 10 most profitable plants to grow. However, these studies may assume optimum climate conditions for almond trees, and these conditions cannot be found anywhere. Consequently, location is maybe the most important parameter when growing almond trees for profit. The tree thrives in certain climate conditions, and deviating significantly from these requirements will cost the grower in terms of production. Secondly, almond trees do not produce a good yield until the 6th or 7th year of orchard establishment, even with high quality management from experienced growers. A grower has to be patient and of course proactive to carry the costs of the first years without expecting remarkable income. To this, you have to add that the almond tree (as many other fruit trees) has an inherent tendency toward Alternate Bearing (the tree produces a very good yield in one year and a low –if not zero- yield in the following year). This of course creates many problems, as the grower in many cases cannot project the yield of his/her orchard and cannot proceed to timely commercial agreements with merchants. Alternate Bearing also results in revenues fluctuations from year to year and hence in deterioration of cash flow projections. Planting, Irrigation, Fertilization, Pollination, Pruning and Pest Control are very important for the quantity and quality of production and represent the majority of costs. Finally, harvesting is a labor intensive procedure when carried out by hand. In organized almond orchards in US, harvesting is made via big shaking tractors that attach to the trees and shake the branches, so that the fruits can fall to the ground, where they are often left for a couple of days in order to dry out. Then, they are collected and sorted. The average almond tree enters maturity period (and hence can produce good yields) from the 7th –8th year of its age. Its life expectancy is estimated at 50 years. You can enrich this article by leaving a comment of your almond farm’s profitability and management. 15.) Bulk almonds near me"
https://wikifarmer.com/almond-tree-information/,10/19/2023 20:04,"Almond Tree Information Almond Tree Facts – Almond Tree Wiki The almond tree is a deciduous tree (it loses its leaves seasonally) with average height of 20 feet (6 meters). It belongs to the Rosaceae family. The almond tree is one of the oldest nut trees that were cultivated by humans. Almond tree is cultivated mostly in US (Central California, Arizona, Texas, Georgia) and in countries like Spain, Italy, Iran, Syria, Morocco and Australia. During the last two decades, California Almond production has tripled, making California account for over 80% of world supply. The average almond tree enters maturity period (and hence can produce good yields) from the 8th year of its age. Its life expectancy is estimated at 50 years. The almond tree is cultivated for its fruit, almonds. The sweet almond (kernel) can be eaten plain or be used as ingredient in desserts and confectioneries (sugared almonds, pastries, almond milk). Moreover, bitter almonds are used for producing almond oil, which is widely used in pharmacy (cosmetics and other). The residues from the production of almond oil are poisonous and should not be used as a source for livestock feed. Almond is a stone fruit (drupe) and consists of three layers, the outer exocarp, the middle fleshy mesocarp, and the inner endocarp. The edible part of the fruit is the seed, which can be sweet, slightly bitter or bitter. The almond is a valued nutritious commodity with excellent nutritional value. Consuming almonds has been found to lower cholesterol effects, reduce risk of heart attack, boost energy and have positive effect on fertility problems. However, only sweet almonds can be consumed plain or be used in cooking. Bitter almonds contain a substance that can be transformed in another poisonous substance, which may result in life threatening situations for humans. It is estimated that -on average- a bitter almond contains amygdalin capable of producing 1 mg of hydrocyanic acid (poison). The lethal dose of hydrocyanic acid is about 40 mg for the average adult (about 40 bitter almonds) and about 5-10 mg (5-10 bitter almonds) for kids. However, these data may differ significantly according to the variety and distinct characteristics of each bitter almond. Moreover, the lethal doses of poisonous substances have been found to vary significantly even among humans with the same weight, age and physical condition. Consequently, it should not be regarded as safe to eat even one bitter almond. You can enrich this article by leaving a comment or photo of your almond trees. 1.) Almond Tree Info & Uses 2.) How to grow an Almond Tree from seed 3.) Growing Almond Trees for Profit 4.) Almond Tree Climate Requirements 5.) Almond Tree Soil Requirements & Preparation 6.) Almond Tree Propagation 7.) Almond Tree Pollination 8.) Planting Almond Trees – Number of Almonds Trees per hectare and acre 9.) Almond Tree Pruning 10.) Almond Tree Water Requirements 11.) Almond Tree Fertilization 12.) Almond Tree Harvest & Yield 13.) Almond Tree Pests and Diseases 14.) Q&As Almond Tree almond Amygdalus communis Prunus amygdalus Prunus dulcis"
https://wikifarmer.com/growing-pear-trees-commercially/,10/19/2023 20:04,"Growing Pear Trees Commercially How to grow Pear Trees for profit – Professional Cultivation of Pear Trees – Starting a Pear Orchard Growing pear trees commercially can be a good source for income, provided is done rationally and at a medium to large scale. As is the case for the majority of fruit trees, you need to achieve economies of scale. This means that you normally cannot make money by growing 30 or 50 trees, because fixed costs will reach (if not exceed) earnings. A good base to start is an orchard of 1 hectare (10.000 square meters) with 600-800 trees or more. The average pear tree is able to produce notable quantity of fruits from the 3rd to 6th year of its age and can continue to do so until the 35th-50th year of its age. The things you have to consider are the following: You have to carefully select the location according to your tree’s variety climate requirements, soil requirements and of course according to your market. Then, you have to decide on choosing standard, semi dwarf or dwarf trees. The majority of commercial growers choose semi dwarf varieties. Planting distances, pollination, fertilization, irrigation, pruning and thinning are extremely important for achieving good yields in the long term. Finally, you have to be able to hire a small group of experienced workers in order to harvest your fruits at the right time of harvesting. This can also be an issue, because the pear tree gives us a small time window to harvest the fruits. If you are unable to harvest your pears during this time, fruit’s quality severely deteriorates (some parts of the fruit turn gritty)."
https://wikifarmer.com/pear-tree-information/,10/19/2023 20:04,"Pear Tree Information Pear Tree Facts – Pear Tree Wiki This post is also available in: Español (Spanish) Français (French) Deutsch (German) Nederlands (Dutch) العربية (Arabic) Türkçe (Turkish) 简体中文 (Chinese (Simplified)) Italiano (Italian) Ελληνικά (Greek) Português (Portuguese (Brazil)) polski (Polish) In most cases, pear tree is a deciduous tree (it loses its leaves seasonally) that can grow up to 40 feet (12 meters) tall or even more. Nearly all pear trees that are cultivated for fruits are deciduous, but there are few cultivars (mostly ornamental) that are evergreen. Pear tree is a member of Rosaceae family. The blossoms are produced in spring. The fruits mature on shoots that are 2 or more years old. They mature in late summer or autumn depending on the variety. The average pear tree is able to produce notable quantity of fruits from the 4th – 6th year of its age and can continue to do so until the 30th-40th year of its age. Pear trees are believed to be cultivated since the 1st century BC, mainly in Asia. Its wide spread is caused partly because pear tree is very flexible, resilient and resistant to cold and draught, but not as much as apple tree is. About 70% of world pear production takes place in China, but pear trees are also cultivated in North and South America, Europe and Turkey. Pyrus communis, Pyrus pyrifolia and Pyrus bretschneider represent more than 95% of trees that are globally grown for fruits. However, there are more than 2500 known cultivars. You can enrich this article by leaving a comment or photo of your pear trees. 1.) Pear Tree Information 2.) How to grow a Pear Tree from seed 3.) Growing Pear Trees in pots 4.) Growing Pear Trees commercially 5.) Pear Tree Climate Conditions 6.) Pear Tree Soil Requirements and Preparation 7.) Pear Tree Propagation and Pollination 8.) How to plant pear trees 9.) Pear Tree Water Requirements 10.) Pear Tree Fertilizer Requirements 11.) Pear Tree Pruning 12.) Pear Tree Harvest & Yields 13.) Pear Tree Pests & Diseases 14.) Q&As Pear Tree 15.) Pears in Bulk Wholesale Prices pear Pyrus communis"
https://wikifarmer.com/starting-an-apple-orchard/,10/19/2023 20:04,"Starting an Apple Orchard Growing Apple Trees for profit – How to grow commercially apple trees Growing apple trees commercially can be a good source for income, provided is done rationally and at a medium to large scale. As is the case for the majority of fruit trees, you need to achieve economies of scale. This means that you cannot make money by growing 50 or 100 apple trees, because fixed costs will surely reach (if not exceed) earnings. A minimum base to start is a small apple orchard of 1 hectare (10.000 square meters) with 600-800 trees or more. The average apple tree is able to produce notable quantity of fruits from the 3rd to 6th year of its age and can continue to do so until the 35th-50th year of its age. The things you have to consider are the following: You have to carefully select the orchard’s location according to your apple tree variety climate, soil requirements and of course according to your market. Then, you have to decide on choosing standard, semi dwarf or dwarf trees. The majority of commercial apple growers choose semi dwarf varieties. Planting distances, pollination, fertilization, irrigation, pruning and thinning are extremely important for achieving good yields in the long term. Finally, you have to be able to hire a small group of experienced workers in order to harvest your apples at the right time of harvesting. This can also be a problem, because the apple tree normally gives us a small time window of 10 days on average. If you are unable to harvest your apples during this time, fruit’s quality may severely deteriorate. Apple tree growers must also have a good understanding of Alternate Bearing, because it may affect their production. Alternate bearing is the tendency of some fruit trees to yield much more than average production in one year and much less than average production in the following year. Some apple varieties have an inherent tendency towards biennial bearing, which can be exacerbated most often by lack of thinning, by Nitrogen deficiency, water stress or other reasons. You can enrich this article by leaving a comment or photo of your apple orchard management and profitability. 1.) Apple Tree Information 2.) Growing Apple Tree from seed 3.) Growing Apple Trees in pots 4.) Growing Apple Trees professionally 5.) Apple Tree Climate Conditions 6.) Apple Tree Propagation and Pollination 7.) Apple Tree Soil Conditions and Preparation 8.) Planting Apple Trees – Number of Apple Trees per Hectare 9.) Irrigation of Apple Tree 10.) How to fertilize Apple Trees 11.) Apple Tree pruning 12.) Apple Tree Harvest & Yields 13.) Apple Tree Pests & Diseases 14.) Q&As Apple Tree 15.) Wholesale Apple Market apple Malus pumila"
https://wikifarmer.com/avocado-tree-propagation-and-pollination/,10/19/2023 20:04,"Avocado Tree Propagation Pollination of Avocado trees After selecting the desirable avocado variety to cultivate, the farmer needs to obtain the appropriate amount and type of reproduction material to plant. Avocados can be propagated by planting seeds, cuttings, grafting and layering. Usually, grafted seedlings are the more common propagation material used for commercial cultivation. Grafted seedlings offer the significant advantages of uniform and accelerated growth and higher yields, which is why we prefer them as a starting material in our orchards. Propagation of Avocado Trees Grafted on seedling rootstocks became a more common technique mainly after the root rot disease incited by Phytophthora became economically important. Moreover, the use of resistant rootstocks became handy in many other cases. For example, avocado is extremely sensitive to salinity (especially the Mexican race), alkaline conditions, lack of aeration (heavy soils), poorly drained soils, and lime-induced chlorosis. To overcome all these and grow popular, but sensitive, avocado cultivars in various soils and environments, most farmers prefer to use grafted plants on resistant rootstocks (1). Producing avocados from seeds usually takes place in the nursery, but there are cases a smallholder or an amateur farmer can perform it. For a higher success rate, the seeds that will be used must be collected from ripe, healthy fruits still attached to the trees. As a next step, the seeds should be properly stored (if you intend to plant them later) or treated in a water bath for 30 minutes (50oC or 122oF). After the treatment, the seeds need to be cooled down and dried. Different substrates (potting mixes) can be used to plant the avocado pit, such as mixes of 3 parts peat moss to 2 parts perlite or 1/3 peat, 1/3 perlite, and 1/3 vermiculite. We can remove the seed coat and place the seed with the apical end at the surface of the potting mix. If temperature and soil moisture are at appropriate levels, germination is expected within 4 weeks. Some of the most widely used varieties as seedlings belong to the Mexican race (Topa-Topa, Mexico, Mexicola). Keep in mind that the farmers must purchase this material from a certified plant nursery. As mentioned before, the avocado trees will carry some specific characteristics depending on the race chosen to be used as rootstocks. On a large scale, the Mexican race is considered one of the most popular rootstocks used for cultivation in regions like California, Israel, and South Africa. West Indian stocks are preferred in warmer regions or where salinity is a problem. At the same time, the Guatemalan race is mainly used in warmer climates and field neutral pH and has no problems with Verticillium wilt (2). Nowadays, scientists concentrate their efforts on finding and breeding avocado varieties tolerant to climate change effects, like drought. These varieties will then be used as rootstocks to cultivate important commercial varieties across the globe. Even in ideal conditions, from the million greenish-yellow flowers produced per plant, only a few are fertilized and will produce fruits. Even though avocado has perfect, bisexual flowers (that have both male and female organs), the self-fertilization is not sufficient to produce enough (or any) fruits. The reason behind this “malfunction” is the unique flowering behavior of the avocado trees, known as “protogynous dichogamy,” which leads to categorizing all varieties into 2 group-types, based on the moment that the flowers will become reproductively functional as males or females. In this scheme, self-fertilization happens during the second opening of the flowers within the day. However, usually, cross-pollination is needed to increase fruit production (3). https://www.agric.wa.gov.au/spring/cross-pollinisers-hass-avocado To manage that, we selected to cultivate in the same field two varieties of avocado, one from each type. This allows us to have an overlapping flowering of mature male and female flowers from type A and B plants and successful fertilization. We use Hass as a “pollinizer” variety since we cultivate two type B varieties (Fuerte and Zutano) and one type A variety (Hass). By placing two Hass trees every 20 plants of the type B varieties, we have seen that we gain the desired result. The “pollinizer” are usually placed at key spots to benefit from the wind drift. While it is generally advised to have a 1:1 or 1:2 proportion of the plants of different types, our plants give medium to high yield. We speculate that the main reason for this is the small size of our fields (2-3 stremmata, 0.2-0.3 hectares) and the neighboring with other avocado fields. The classification of the most important commercial varieties into the two types can be seen in the following table. However, there are also some exceptions with varieties such as “Waldin,” “Lula,” and “Taylor” that fruit well when planted alone, since self fertilization happens at a good level. Finally, scientists suggests that since avocado is mainly pollinated by bees, the farmer can introduce some beehives to his/her field during the flowering period (4, 3). At least 10 bees per tree are needed (6). Cross-pollination works better in temperatures around 20-24 oC (68-75 oF), while avocado fruit set is favored at 18-24 oC (65-75 oF) . High temperatures (over 38-40 oC) or/and strong warm winds during flowering are the main problem that most farmers experience and can cost them their production (yield decrease up to 70%). Extended problems and yield losses due to heat can occur in the fruit developing stage. Young fruits are more sensitive, and their temperature can increase dramatically. In this case, they become soft and they are no longer viable. Some research results mention that there is a risk of quality deterioration under such conditions since the composition of the various oils in the avocado can be affected (5). We advise the farmer to leave sufficient leaf area after the yearly pruning to protect the fruits from sunburn. Together with some other farmers, we have obtained some good results by applying Zinc Chelate products to our plants during flowering, when the temperature is dangerously high (summer period). Producing avocados from seeds usually takes place in the nursery, but there are cases a smallholder or an amateur farmer can perform it. For a higher success rate, the seeds that will be used must be collected from ripe, healthy fruits still attached to the trees. As a next step, the seeds should be properly stored (if you intend to plant them later) or treated in a water bath for 30 minutes (50oC or 122o F). After the treatment, the seeds need to be cooled down and dried. Different substrates (potting mixes) can be used to plant the avocado pit, such as mixes of 3 parts peat moss to 2 parts perlite or 1/3 peat, 1/3 perlite, and 1/3 vermiculite. We can remove the seed coat and place the seed with the apical end at the surface of the potting mix. If temperature and soil moisture are at appropriate levels, germination is expected within 4 weeks. Some of the most widely used varieties as seedlings belong to the Mexican race (Topa-Topa, Mexico, Mexicola). Keep in mind that the farmers must purchase this material from a certified plant nursery. As mentioned before, the avocado trees will carry some specific characteristics depending on the race chosen to be used as rootstocks. On a large scale, the Mexican race is considered one of the most popular rootstocks used for cultivation in regions like California, Israel, and South Africa. West Indian stocks are preferred in warmer regions or where salinity is a problem. At the same time, the Guatemalan race is mainly used in warmer climates and field neutral pH and has no problems with Verticillium wilt ( ). Nowadays, scientists concentrate their efforts on finding and breeding avocado varieties tolerant to climate change effects, like drought. These varieties will then be used as rootstocks to cultivate important commercial varieties across the globe. 3 To manage that, we selected to cultivate in the same field two varieties of avocado, one from each type. This allows us to have an overlapping flowering of mature male and female flowers from type A and B plants and successful fertilization. We use Hass as a “pollinizer” variety since we cultivate two type B varieties (Fuerte and Zutano) and one type A variety (Hass). By placing two Hass trees every 20 plants of the type B varieties, we have seen that we gain the desired result. The “pollinizer” are usually placed at key spots to benefit from the wind drift. While it is generally advised to have a 1:1 or 1:2 proportion of the plants of different types, our plants give medium to high yield. We speculate that the main reason for this is the small size of our fields (2-3 stremmata, 0.2-0.3 hectares) and the neighboring with other avocado fields. Hass Fuerte Gwen Zutano Lamb Bacon Pinkerton Ettinger Reed Sharwil GEM Sir Prize Harvest Walter Hole Wurtz Edranol Rincon Nabal Anaheim Nobel Benic Booth3,5,7,8 Dickinson Abobodo Mabal Duke Pollock Mexican August Yama However, there are also some exceptions with varieties such as “Waldin,” “Lula,” and “Taylor” that fruit well when planted alone, since self fertilization happens at a good level. Finally, scientists suggests that since avocado is mainly pollinated by bees, the farmer can introduce some beehives to his/her field during the flowering period ( ). At least 10 bees per tree are needed ( 6 ). Cross-pollination works better in temperatures around 20-24 oC (68-75 o F), while avocado fruit set is favored at 18-24 oC (65-75 oF ) . High temperatures (over 38-40 oC ) or/and strong warm winds during flowering are the main problem that most farmers experience and can cost them their production (yield decrease up to 70%). Extended problems and yield losses due to heat can occur in the fruit developing stage. Young fruits are more sensitive, and their temperature can increase dramatically. In this case, they become soft and they are no longer viable. Some research results mention that there is a risk of quality deterioration under such conditions since the composition of the various oils in the avocado can be affected ( ). We advise the farmer to leave sufficient leaf area after the yearly pruning to protect the fruits from sunburn. Together with some other farmers, we have obtained some good results by applying Zinc Chelate products to our plants during flowering, when the temperature is dangerously high (summer period). http://www.avocadosource.com/journals/horticulturalreviews/hortrev_1995_pg_381-429.pdf https://www.fao.org/3/X6902E/x6902e06.htm https://www.kalro.org/sites/default/files/avocado-production-cultivation.pdf https://www.agric.wa.gov.au/spring/growing-avocados-flowering-pollination-and-fruit-set https://www.californiaavocadogrowers.com/cultural-management-library/managing-avocado-heat-damage https://www.californiaavocadogrowers.com/cultural-management-library/spring-pollination-avocado-groves avocado pollination avocado propagation"
https://wikifarmer.com/avocado-tree-climate-and-soil-requirements-planting-avocado-trees/,10/19/2023 20:04,"Avocado Tree Climate and Soil Requirements Planting an avocado orchard – Number of Avocado trees per hectare Soil and location Temperature and sunlight This post is also available in: Español (Spanish) Français (French) Deutsch (German) हिन्दी (Hindi) العربية (Arabic) Türkçe (Turkish) 简体中文 (Chinese (Simplified)) Ελληνικά (Greek) Português (Portuguese (Brazil)) My orchards (3 hectares) are located in different fields in the Chania region of Crete. The ample sunlight, the warm climate, and the amount of winter rainfalls compose an ideal microclimate for avocado cultivation and the production of high yields. All three varieties that I have planted (Hass, Zutano, and Fuerte) seem to be perfectly adapted to the local conditions. Avocado trees can grow well in a wide range of soils. The ideal soil for most varieties is loose, loamy, or sandy with a slightly acidic to neutral pH, between 5 and 7 (1). However, farmers should generally avoid establishing an avocado orchard in fields with poor drainage and high salinity. West Indian varieties are generally the most salt-tolerant and are preferred for plantations in coastal regions. The cultivation is possible at elevations from sea level to 2,400m (7,874 ft). Additionally, avocados should be planted in fields with a maximum slope of 15% and areas protected from strong winds. Avocados have a high water demand, and if the rainfalls are not sufficient (annual precipitation of 800–1700 mm) or well spread during the season, there might be a need for irrigation to support high yields (2). The sudden temperature changes can stress the avocado tree. Frost is usually not an issue in our region, but the low temperature is one of the most limiting factors for growing this tropical species in other areas. As a tropical crop, avocado can survive temperatures between -4oC and 40oC. However, the level of the damage depends on the duration of these extreme temperatures and the variety. For example, Hass, like most varieties, thrives in an average temperature of 16 – 21 oC (60-70 oF). While young trees (up to 3-5 years) are generally sensitive to low temperatures, mature trees can withstand temperatures as low as -2 oC (28 oF). In order to produce flowers, avocado needs at least four weeks during autumn-winter with cool temperatures. However, during blooming, the temperature should remain above 10oC. On the other hand, high temperatures can also harm the trees and their production. Temperatures over 40oC can cause severe damage to sensitive young trees and stress the older ones. Most severe problems are recorded during the end of summer when heat waves and warm winds are most common. During this period, avocado trees are in the most sensitive phase since they bloom or form fruits. Such conditions can lead to flower necrosis, fruit drop, and as a result, a significant yield loss. Unfortunately, I have personally witnessed such issues, and the continuous increase in temperature due to climate change worries all the avocado producers in the region. To help our plants during these events, we irrigate and apply Zinc Chelate and zeolite products during flowering. In other areas, farmers use overhead sprinklers for evaporative cooling to preserve the crop (3). Finally, most avocado varieties need 6-8 hours of ample sunlight daily. The sun will help maintain the bright green color of the leaves and the fruits. In mature trees, sunburns are not very common. However, young avocado trees must be protected. For this, reason many farmers use shading net to protect the young avocado trees from sunburns (7). Intercropping with larger trees, painting the trunks, and using shading nets can help. Keep in mind that the environmental requirements significantly differ among the avocado varieties. A farmer should examine his/her field, list the limiting factors and select the most adaptive avocado variety. After a farmer has selected and purchased the seedlings of an appropriate avocado variety and the field location, the establishment of the orchard is quite simple. Start by clearing the field of weeds since strong competition with the young avocados for nutrients and water may negatively affect their growth. It is generally recommended in colder areas to plant the young trees at the start of fall, while in warmer regions, the mid-end of spring is the most suitable period. This way, the plants will have time to establish and adjust before the extreme temperatures. Avocado plant distances may vary between 6 to 12 meters depending on the desirable plant density we want to have and the variety we have selected. For example, a wider spacing should be given for varieties with a spreading type of growth, like Fuerte. The most common planting distances are 7 X 7m (23 X 23 ft.), 10 X 5m (33 X 16,5 ft.) , or 6 X 3m (20 X 10 ft.). That will result in a plant density per hectare of 200 trees, or more than 500 trees, respectively (3). In our fields, I selected to plant at a 6 X 6 m scheme (20 X 20 ft.). Ideally, I would prefer 3 X 6m or 3 X 5m distances, but when I planted the trees, there were also orange trees in the field. It is quite a common strategy to incorporate some manure or compost in the soil before planting in order to offer the necessary nutrients to the young seedling during the first year. The avocado tree is transplanted with the soil ball. The planting hole should be approximately three times wider than the plant container and two times deeper (around 0.6-1m or 2-3 ft). Attention is needed because the roots are sensitive (especially in Hass). During the first years, the orange trees protected the young avocado from the strong winds and intense sunlight. However, 3 to 4 years later, I decided to remove the orange trees as the avocado plants became bigger. Intercropping or mixed cropping systems with avocado are quite popular in many regions globally. The most commonly used tree -“partners” are orange or citrus trees, coffee trees or even olive trees (4, 1). Alternatively, the farmer can plant annual crops like potatoes, beans, peas, kale, or cabbage during the first 3-5 years between the tree rows to gain some profit until the avocado trees start producing fruits (5). Attention: Keep in mind that you need to include a “pollinator” variety (of the opposite type, A or B) in a proportion of 1:1, 1:2, or 1:5. Avocado in Bulk Wholesale Prices Avocado Avocado Farming avocado soil avocado tree planting avocado"
https://wikifarmer.com/category/trees/avocado-tree/,10/19/2023 20:04,"Avocado tree Avocado tree Pest and Diseases – Avocado Weed Management Avocado Harvest, Yield per hectare and Storage Training and Pruning of Avocado Tree Avocado Fertilizer Requirements Avocado Tree Water Requirements and Irrigation Systems Avocado Tree Propagation and Pollination Avocado Tree Climate and Soil Requirements – Planting Avocado Trees All Avocado Varieties Explained – Characteristics and Advantages History, Nutritional Value and Plant Information of Avocado In general, avocado is not threatened by many pests and diseases, and usually, no management measures are applied, making the organic cultivation of the crop possible. Periodically, in my region […] Yield, Harvest, and Post-Harvest handling of Avocado The harvest, storage, packaging, and transportation of avocados are the most important processes of the food value chain and greatly affect the quality […] How to train a young Avocado Tree Like many other fruit-bearing trees, avocados need to be trained to obtain a desirable shape/structure and size that will maximize production, balance yield […] Fertilization in Avocado Farming To keep the avocado tree vigorous, healthy, and productive, the farmer in some cases may need to cover the crop’s nutrient needs via fertilization. From my […] Avocado Water Requirements A sufficient and well-distributed water supply is vital for a healthy avocado orchard that can offer sustainably high yields for many years. Since avocado is native to […] Avocado Tree Propagation After selecting the desirable avocado variety to cultivate, the farmer needs to obtain the appropriate amount and type of reproduction material to plant. Avocados can be propagated […] Avocado Tree Climate and Soil Requirements My orchards (3 hectares) are located in different fields in the Chania region of Crete. The ample sunlight, the warm climate, and the amount […] The rising interest of consumers for avocado has skyrocketed the global demand for this fruit, and as a result, new areas are planted with avocado every year. I planted my […] Avocado originated from Puebla in South Central Mexico. The consumption of the fruit started around 10,000 years ago, and its domestication and cultivation around 5,000 years ago. During its long […]"
https://wikifarmer.com/cherries-harvesting-and-yield-per-hectare-do-you-pick-cherries-with-the-stem-on-or-off/,10/19/2023 20:04,"Cherries Yield per Hectare When and how to harvest cherries? Which are the most important quality characteristics of cherries? Post-harvest management of cherries and storage As in other fruit trees, the yield of cherries highly depends on the variety, the age of the tree, the training system (tree architecture), the environmental conditions, and the cultivation practices (e.g., irrigation, fertilization, etc.). Generally, sour or tart cherries can produce up to 9.5 tons per hectare (3.84 tons per acre). More specifically, a sour dwarf cherry tree may produce 11.4-19 kg, while a semi-dwarf sour tree can give up to 45.4-68 kg (or 23.1-42 and 100-150 pounds, respectively). On the other hand, sweet cherries in full production capacity can give on average 4-10 tons per hectare (3272 to 8000 lbs. per acre), while some very high yields more than 14 tons per hectare (12,490 pounds or 5.67 tons per acre) have been recorded in super-intensive cherry orchards that are managed by very experienced growers. Cherry orchards with yields of more than 20 tons per hectare typically produce cherries of low quality, taste and sugar content. Depending on the grafted variety and the rootstock, cherry trees start producing fruits in the 3rd-5th growing year. Cherries are “summer fruits” since they are ready to be harvested during that period. The way a farmer will choose to harvest highly depends on the architecture (training) of the trees, the type-species of cherries (sweet or sour), the production purpose (fresh consumption or processing), and the availability of machinery or staffing. A cherry tree can be harvested six or seven times during the same season. Some farmer measure the sugar content of cherries with a refractometer in order to spot the ideal time of harvest. We should focus on harvesting when the fruits are fully ripe and the skin has obtained the characteristic color of the variety. Generally, the soluble solids content (SSC) is important maturity indice, and the ripe fruits should have a minimum of 14-16% SSC to be harvested. The longer the fruits remain on the trees, the higher the sugar accumulation and flavor (especially for sweet cherries, a tool than can be used is the digital refractometer (% Brix)). However, there is an increased risk of quality deterioration and yield loss (diseases-birds, the softness of the fruit, etc.). Visual appearance is very important for consumers, and the fruits should be: It is crucial to start harvesting when the weather is dry and during the cooler hours of the day. Handpicking is possible and sometimes recommended, but it needs an experienced crew in order not to injure the fruits themselves but also the spur (fruiting twig). The spur is required for future years’ production. To reduce the risk of post harvest infections, it is essential to collect (with scissors) the cherries with the stem attached. The harvesting is usually done mechanically for cherries that will be directed to the process industry or/and in large commercial cherry orchards. Growers control a harvester machine with a joystick. The mechanical harvester has a large arm that “hugs” the trunk and shakes it to cause the fruits to fall into the collecting nets. Then, they drop into a roller belt leading to a fan. The fan will help to separate the leaves from the fruit stalk. After the necessary first stage sorting (broken stems and leaves are removed), the individual fruits usually drop in a box. Therefore, they are ready to be stored. Right after harvest, it is vital to take action and reduce both the temperature and the transpiration (moisture/weight loss, fruit shrivel). For this purpose, the freshly harvested fruits should be kept in a shaded place while remaining on the farm and transported to a storage-cooling area with controlled environmental conditions. More specifically, for longer storage of cherries, the temperature should be kept between -0.5 and 0.5 °C , the relative humidity at 90-95% (to preserve the green color of the stems), 3 to 10% O2 and 10 to 15% CO2. Ethylene is generally not added. Except for the environmental conditions, the producer must take all preventive measures to ensure good sanitation and avoid any post-harvest contamination from pathogens or pests. The storage life of cherries also depends on the health of the fruits stored and the variety’s characteristics. For example, varieties like ‘Summit,’ ‘Newstar,’ ‘Van,’ and ‘Sonata’ are susceptible to pitting and unsuitable for long-term storage (max 15 days). On the other hand, ‘Santina,’ ‘Bing,’ ‘Rainier,’ and ‘Sweetheart’ can be stored successfully for up to 45 days. Cherries Wholesale Market fully colored with glossy, firm skin large in size (24, 26, 28 mm in diameter), juicy and crunchy free of cracks and bird pecks firm and not shriveled or decayed attached to fresh green stem It is crucial to start harvesting when the weather is dry and during the cooler hours of the day. is possible and sometimes recommended, but it needs an experienced crew in order not to injure the fruits themselves but also the spur (fruiting twig). The spur is required for future years’ production. To reduce the risk of post harvest infections, it is essential to collect (with scissors) the cherries with the stem attached. The harvesting is usually done mechanically for cherries that will be directed to the process industry or/and in large commercial cherry orchards. Growers control a harvester machine with a joystick. The mechanical harvester has a large arm that “hugs” the trunk and shakes it to cause the fruits to fall into the collecting nets. Then, they drop into a roller belt leading to a fan. The fan will help to separate the leaves from the fruit stalk. After the necessary first stage sorting (broken stems and leaves are removed), the individual fruits usually drop in a box. Therefore, they are ready to be stored. Right after harvest, it is vital to take action and reduce both the temperature and the transpiration (moisture/weight loss, fruit shrivel). For this purpose, the freshly harvested fruits should be kept in a shaded place while remaining on the farm and transported to a storage-cooling area with controlled environmental conditions. More specifically, for longer storage of cherries, the temperature should be kept between -0.5 and 0.5 °C , the relative humidity at 90-95% (to preserve the green color of the stems), 3 to 10% O2 and 10 to 15% CO2 . Ethylene is generally not added. Except for the environmental conditions, the producer must take all preventive measures to ensure good sanitation and avoid any post-harvest contamination from pathogens or pests. The storage life of cherries also depends on the health of the fruits stored and the variety’s characteristics. For example, varieties like ‘Summit,’ ‘Newstar,’ ‘Van,’ and ‘Sonata’ are susceptible to pitting and unsuitable for long-term storage (max 15 days). On the other hand, ‘Santina,’ ‘Bing,’ ‘Rainier,’ and ‘Sweetheart’ can be stored successfully for up to 45 days. https://u.osu.edu/cfaescapstone/tree-fruits/cherries/care-maintenance/ https://anrcatalog.ucanr.edu/pdf/2951e.pdf https://postharvest.ucdavis.edu/Commodity_Resources/Fact_Sheets/Datastores/Fruit_English/?uid=17&ds=798 https://www.cherrygrowers.org.au/assets/ https://www.cherrygrowers.org.au/assets/181114_Cherry_QA_Booklet_to_accompany_poster.pdf https://www.nasda.org/wp-content/uploads/2022/09/2021-June-Cherry-Production-Enumerator-Training.pdf https://agsci.oregonstate.edu/sites/agscid7/files/oaeb/pdf/AEB0032.pdf http://www.calu.bangor.ac.uk/Technical%20leaflets/020404%20CALU%20cherries.pdf https://www.freshplaza.com/europe/article/2196846/twelve-years-and-14-tons-of-production-per-hectare/ harvesting"
https://wikifarmer.com/growing-cherry-trees-for-profit/,10/19/2023 20:04,"Summary of Cherry tree Growing Guide This post is also available in: Español (Spanish) Français (French) Deutsch (German) Nederlands (Dutch) हिन्दी (Hindi) Türkçe (Turkish) 简体中文 (Chinese (Simplified)) Ελληνικά (Greek) Português (Portuguese (Brazil)) Growing cherry trees for profit can be a scalable business. It is essential to know several parameters that will result in a profitable crop. Location is maybe the most critical parameter when growing cherry trees for profit. The tree thrives in certain climate conditions, and deviating from these requirements will cost the grower in terms of production. Secondly, cherry trees usually produce a satisfying yield only when they reach their 6th or 7th year in the orchard, even with high-quality management from experienced growers. The cherry tree also “suffers” from alternate bearing. Alternate bearing is the tendency of some fruit trees to produce a much greater than average crop in one year and a much lower than average crop in the following year. Alternate bearing is a common phenomenon in many fruit tree species. It causes severe labor and economic problems because the production is not the same or nearly the same (in terms of quantity) year by year, so the grower cannot plan for the same resources (i.e. harvest workers) every year. In any case, a cherry grower has to be patient and consider the costs of the first years without expecting remarkable income. Adopting suitable cultivation methods (such as, Planting, Irrigation, Fertilization, Pollination, Pruning, and Pest Control) is essential for the maximization of quantity and quality of production and all these methods represent the majority of costs. Most cherry growers use the grafting method for the propagation of cherry trees. In most cases, seedlings are used as subjects for grafts, and they have great needs in water and fertilization during the first years in the orchard (usually the first 4 years). In the following years, their water needs normally decrease. There are many different training systems suitable for commercial cherry cultivation. The farmer must choose it wisely depending on the varieties of the cherries, his/her goals and management capabilities. Pruning usually occurs in winter and focuses on forming flowering buds and retaining the tree shape. Cherry trees thrive in well-drained, fertile, and free from weeds soil. It is essential to control weeds properly, because blooming weeds may distract bees from pollinating the cherry trees. Remember that some varieties are self-sterile, so we must ensure cross-pollination. This can be achieved by planting one row of 1-2 compatible pollinizer varieties for every three rows of the main variety. Bees are responsible for pollination, so it is recommended to have bee colonies inside or near the orchard. From pollination to harvest, it takes from 55 to 70 days in most cases. Trees start producing fruits in the fourth growing year, and harvesting typically occurs in the summer. Harvest can be performed manually or mechanically, but in both cases, the farmer should be extra careful not to injure the fruits. After harvest, the cherries need to be cooled down and stored in an area with controlled environmental conditions. Finally, the cherries may be infested with different diseases and pests that, if left uncontrolled, may result in significant yield loss and crop failure. Cherries: Info, Facts, Nutritional Value & Health Benefits Plant Information of cherries 10 Interesting Things About Cherries You Probably Didn’t Know Growing Cherry Trees for Profit Soil requirements, preparation, and planting of cherry trees Cherry Tree Water Requirements Cherry Tree Propagation and Pollination Cherry Tree Training, Pruning, and Fruit Thinning Cherry Tree Fertilization Cherry Tree Pests and Diseases Cherries Harvesting and Yield per Hectare – Do you pick cherries with the stem on or off? Cherries Wholesale Prices cherries cherry tree cultivation growing cherry trees profit"
https://wikifarmer.com/category/trees/cherry/,10/19/2023 20:04,"Cherry tree Cherries Harvesting and Yield per Hectare – Do you pick cherries with the stem on or off? Cherry Tree Pests and Diseases Cherry Tree Fertilization Cherry Tree Training, Pruning, and Fruit Thinning Cherry Tree Propagation and Pollination Cherry Tree Water Requirements Soil requirements, preparation, and planting of cherry trees Growing Cherry Trees for Profit 10 Interesting Things About Cherries You Probably Didn’t Know Cherries Plant Information Cherries Yield per Hectare As in other fruit trees, the yield of cherries highly depends on the variety, the age of the tree, the training system (tree architecture), the environmental […] Unfortunately, cherry trees suffer from various fungal and bacterial diseases and pests. Growers should plan an environmentally friendly approach in order to tackle them. Seeking advice from local professionals is […] It is essential to perform a soil analysis before any fertilizer application. Every field has different needs, so you need to study soil and leaf analysis of your orchard before […] How to prune Cherry trees Like in most fruit trees, the cherry farmer can start shaping the young trees by generally pruning during the second year after planting. The decision […] Cherry Tree Propagation As in many popular fruit trees, the cherry tree is propagated by grafting. Cherries can also be propagated by seeds, but it is usually not recommended for […] Cherry trees need sufficient water to grow and produce high yields (especially for sweet cherries). It is important to know that regular irrigation during the first year of plant establishment […] Cherry Tree Soil Requirements and Preparation Cherry trees thrive both in valleys and higher altitudes (mountainous regions) up to 2500 m. A suitable field for establishing a cherry orchard should […] Summary of Cherry tree Growing Guide Growing cherry trees for profit can be a scalable business. It is essential to know several parameters that will result in a profitable crop. […] According to archaeologists, cherries consumption was usual in the Stone Age. The word cherry derives from the french word cerise, which derives from the word cerasum. This word is dedicated […] Botanical characteristics and varieties of cherry trees Cherry trees are deciduous plants that produce a fleshy drupe (stone fruit) and belong to the Prunus genus of the Rosaceae family. While […]"
https://wikifarmer.com/sales-trading-and-shipping-cocoa-beans/,10/19/2023 20:04,"Sales, Trading, and Shipping Cocoa Beans Trading & Shipping Cocoa Beans At the port Cocoa Grading Shipping Cocoa Futures Contract This post is also available in: Español (Spanish) Français (French) Deutsch (German) हिन्दी (Hindi) Türkçe (Turkish) 简体中文 (Chinese (Simplified)) Cocoa is sold to either Local Processing Companies or international grinders. New data from Ghana’s Cocobod (the agency coordinating the Cocoa production sector) showed that processing of the commodity from its raw form into other products has increased from 30% to about 34%. Ghana’s government is projecting to have about 50 percent of its cocoa processed into refined products such as Chocolate and Cocoa beverages. Cocoa beans that do not meet international requirements are typically sold to local grinding companies. Ghana’s cocoa grinding sector is dominated by a handful of multinationals and the former state-owned grinder, Cocoa Processing Company (CPC). Switzerland’s Barry Callebaut, the USA’s Cargill, and OLAM Processing Ghana Ltd vie for the top share of the grind, with capacities of 67,000 MT, 65,000 MT, and 43,000 MT, respectively. Table 4: List of cocoa processing companies, installed and utilization capacities in Ghana (Tonnes) 2020. Source: Cocobod Supply Chain Procedures The industry is 100% regulated by COCOBOD, and Cocoa is delivered to COCOBOD by LBC’s in two ways: Primary Evacuation The LBCs use their own vehicles or outsource tractors/ trucks to transport the cocoa from the villages/ farm gates to the district depots or centers. Secondary Evacuation The cocoa produce is transported from district depots or centers to designated centers known as Takeover Centres. To ease the congestion of trucks from the farm gates to the depots (or Takeover Centres), evacuation quotes are issued to the LBCs to regulate the specified number of a truck that each LBC sends to any takeover center each day. The quality Control division (QDC) is invited to inspect the quality of the beans and ensure it complies with regulatory policies. LBCs receive the Cocoa Takeover Receipts (CTORs) after the Cocoa is handed over to the Cocoa Marketing Company (CMC). The competition among the LBCs to ensure that their produce reaches COCOBOD on time is comparatively high. The calculation of the bonus and the distribution of the bonus to the cocoa farmers are perhaps the most innovative institutional arrangement to influence price stability and fairness within the cocoa chain. The Ministry of Finance states that farmers are protected from price falls, and only positive adjustments in the producer price are possible. Regarding cocoa trading, a clear distinction must be made between actual or physical markets and futures or forward markets. Nearly all cocoa from originating countries is sold through the physical market. The physical market encompasses the type of transaction most people normally think of when discussing commodity trading. The structure and length of cocoa marketing channels vary from region to region within a producer country and also between producer countries. At one end of the spectrum, the marketing channel between cocoa farmers and exporters includes at least two intermediaries: small traders and wholesalers. The first buy cocoa beans directly from farmers and visit them individually. In a second step, the small buyers sell the beans to wholesalers, who in turn resell them to exporters. Conversely, cocoa beans are sold to exporters by farmer cooperatives or even exported directly by the cooperative. The former is typical of Ghana, where cocoa sales are made to the international cocoa market through at least two intermediaries, namely the LBCs and a subsidiary of COCOBOD, CMC. Cocoa beans are stored in warehouses once they arrive at the port of export, graded, and then loaded into cargo ships. Cement, non-flammable flooring without cracks or crevices where insects might hide should be used in warehouses. To avoid floods and enable water to drain away, the warehouse’s floor elevation should ideally be higher than the terrain nearby. Due to the high moisture content and wide variation in the quality of the beans, cocoa beans are sometimes treated in conditioning factories, most of which are housed in port warehouses. The process of manually or mechanically conditioning beans is also used to combine beans of different quality levels. The countries that produce and use cocoa have different grading systems. The Federation of Cocoa Commerce Ltd. (FCC) and the Cocoa Merchants’ Association of America, Inc., the two major worldwide cocoa trade groups, have established standard standards that have evolved on the physical market (CMAA). For instance, the FCC separates cocoa beans into two grades: well-fermented beans and fair-fermented beans. Fewer than 5% mold, less than 5% slate, and less than 1.5% foreign material are required in well-fermented cocoa beans samples. Fewer than 10% mold, less than 10% slate, and less than 1.5% foreign material are required in a fairly fermented cocoa beans sample. The so-called cut test is used to conduct these tests. In such a test, a specified quantity or weight is counted off a specified quantity or weight of cocoa beans, evaluating them after being split lengthwise through the center. The number of moldy, slat, insect-damaged, germinated, or flat beans are counted separately. After being graded and put onto cargo ships, cocoa beans are shipped in fresh jute bags or bulk. Since it can be up to 1/3rd less expensive than standard shipping in jute bags, shipping cocoa beans in bulk has gained favor in recent years. The so-called “mega-bulk” approach is used to load loose cocoa beans into either shipping containers or the ship’s hold. The largest cocoa processors frequently use the latter mode. A promise to deliver or take delivery of a specified amount and quality of cocoa beans at a predetermined location and time in the future is known as a cocoa futures contract. Typically, cocoa futures contracts are used to reduce the risk of unfavorable price changes rather than to guarantee the supply of cocoa beans. All contract conditions are uniform and predetermined. As a result, cocoa futures contracts are interchangeable, except for delivery time. Cocoa futures contracts can currently be exchanged at ICE Futures U.S. (New York), ICE Futures Europe (London), and CME Europe (London). Before March 2015, only British pounds sterling and U.S. dollars were used to quote cocoa futures contracts. Although a third of the world’s cocoa production is processed in the Eurozone, nearly half of the traded cocoa comes from Côte d’Ivoire, Cameroon, and Togo (whose currencies are pegged to the Euro). As a result, new Euro-denominated contracts were introduced in March 2015, reducing the need for the cocoa trade to hedge against foreign exchange risks. Cocoa futures contracts now support the three currencies. These regulated markets offer the infrastructure and trading platforms needed to connect buyers and sellers. They also establish and enforce rules to guarantee that trading occurs in a free-flowing market. Due to this, all offers and bids must be submitted electronically through the exchange’s “Clearing House” using the order-entry trading system. Because of this, the Exchange’s Clearing House serves as both the buyer and the seller to all sellers and purchasers. Participants in the futures market can be divided into two categories: commercial (i.e., hedgers) and non-commercial traders (i.e., speculators). Commercial traders are market players who make counterbalancing trades in the futures market in an effort to prevent or minimize a potential loss in the cash market. In contrast, non-commercial traders put their own money at risk by trading futures in a product they do not manufacture or use in the hopes of profiting from price fluctuations. shipping cocoa beans trading cocoa beans"
https://wikifarmer.com/cacao-production-challenges-and-management-strategies/,10/19/2023 20:04,"The current situation in Ghana Impacts of climate variability on cocoa production. Factors affecting effective cocoa production Management strategies to boost the productivity of the cocoa sector Cocoa has long been an important economic commodity in Ghana and a major source of revenue and export (Okyere & Mensah, 2016). The cocoa business employs around 2 million people and comprises farming, trading, transportation, and processing (World Bank, 2011). Despite cocoa’s significant economic importance in Ghana, the business is beset by problems, resulting in Ghana losing its position as the world’s biggest cocoa exporter to Cote d’Ivoire. According to Opoku-Ameyaw et al. (2011), production peaked in 1965 with 560,000 tonnes, then declined to 154,000 tonnes in the 1980s before recovering again. Cocoa production has historically been important to Ghana’s economy and will likely remain so in the coming years; as a result, any significant reduction in production will have a detrimental influence on the country’s economy. According to Opoku Ameyaw et al. (2011), most Ghanaian cocoa farmers operate on a small scale, with average farm sizes ranging from 2 to 3 hectares (2.5 to 5 acres), while just around 10% of cocoa farmers operate on a large scale. Ghana’s average cocoa yield for small-scale producers is estimated to be around 400 kg per hectare (kg/ha) (357 lb/acre) (Opoku Ameyaw et al., 2011), which is lower than other producing countries such as Cote d’Ivoire and Indonesia, which have yields of 1270 kg/ha (1133 lb/acre) (World Bank, 2011). Many factors contribute to the low yield, including scientific and technical challenges such as soil fertility and planting material quality, as well as diseases and pests. Besides the productivity mentioned above, Ghana’s low cocoa productivity results from several socio-cultural and economic factors. One of these is the issue of land tenure and security, which directly or indirectly impact farmers’ attitudes and investment decisions in cocoa production and systems. Given the importance of cocoa as a key export crop and a big source of foreign money in Ghana, it is crucial to figure out what’s stopping it from being grown successfully. Poor farm care methods are to blame for the low prices granted to Ghanaian cocoa growers (Anon., 1999). Poor farm management techniques, the planting of low-yielding cultivars, and the presence of pests and diseases all contribute to low cocoa yields (Dormon et al., 2004). Although several studies (Kongor et al., 2016) have been conducted on the factors influencing the effective production of cocoa in Ghana, new research in various areas of cultivation with various cocoa agro-ecologies is needed to improve decision-making in the cocoa sub-sector. Furthermore, this study will identify the factors that influence the cocoa sub-research sector’s success, resulting in a higher level of awareness among stakeholders and the ability to ensure better practices and make appropriate decisions for the industry’s improvement. Also, Cocoa farming in Ghana was dominated by middle to old age, which is not a good index for improved productivity because farmers’ productivity decreases as they age. The study further revealed that low-yielding cocoa trees are usually over-aged or diseased and that an over-aged tree is a cocoa tree older than 20 years within its production period. Climate change has been a major topic of policy discussion over the past seven decades because of its impact on cocoa production. In Ghana, according to the latest information, purchases of graded and sealed cocoa beans are very low compared to the previous year (down 34% to 524 000 tonnes as of March 31, 2022), mainly due to unfavorable weather conditions in the main cocoa growing areas of the country. Several climate factors (temperature, rainfall, humidity, and sunshine) are known to mutually affect cocoa plant growth (Owoeye & Sekumade, 2016). Still, the most critical determinants of cocoa growth are temperature and rainfall (Ngoong & Forgha, 2013). Research conducted by Hutchins et al. (2015) in Ghana found that all interviews with key informants and farmers revealed that temperature and rainfall variability were the most challenging. These impacts of climate variability, particularly prolonged drought, make it difficult to establish new cocoa farms (Anim-Kwapong & Frimpong, 2004; Hutchins et al., 2015). Pronounced dry spells lead to a reduction in the Leaf Area Index (LAI), resulting in a decline in cocoa yields (Adjei-Nsiah & Kermah, 2012) Temperature affects crop growth and development in several ways. These include altering the flowering time of plants, leading to a reduction in seed number and high evapotranspiration (Challinor & Wheeler, 2007). Moisture loss increases plant water demand, resulting in drought stress for plants during the dry season (Schroth et al., 2016). According to Oyekale (2015), climate change can also affect the development of pests and diseases that affect cocoa by altering host resistance to pesticides. A case study conducted by Lawal & Emaku (2007) at Cocoa Research Institute Nigeria (CRIN), Ibadan, on the effects of some climatic variables on black pod disease showed a positive correlation (0.370 and 0.003, respectively) for temperature and humidity. This means that as these climatic variables increase, the incidence of black pod disease also increases. In addition, changes in the length and intensity of solar radiation, i.e., more than 60%, lead to a decrease in photosynthetic rate, with prolonged exposure to higher solar radiation damaging the leaf photosynthetic mechanism (Anim-Kwapong & Frimpong, 2004) Rainfall affects cocoa yields more than any other environmental factor (Adjei-Nsiah & Kermah, 2012). Cocoa is very sensitive to drought, and cropping patterns are related to rainfall distribution (Owoeye & Sekumade, 2016), so it produces good yields throughout the year, even when water availability is minimal but persistent (Oyekale, 2015). This means that rainfall distribution influences annual variation in cocoa yields more than any other climate variable. Therefore, the ideal annual rainfall distribution for maximum growth and yields is between 1500 and 2500 mm (59-98 in) (Nair, 2010) Through global projections for future precipitation indicating a decline, Laederach et al. (2013) project an insignificant 12 mm decline in precipitation in Ghana and Côte d’Ivoire by 2030. Although more rainfall is needed for high productivity, Oyekale et al. (2009), cited in Hutchins et al. (2015), argue that increased rainfall and longer rainy seasons slow cocoa drying and processing, thereby reducing the value of the bean and increasing processing costs. Therefore, effective cocoa production through harvesting and processing requires timely and moderate rainfall distribution, as cocoa is highly sensitive to extreme weather events. In addition, due to unpredictable rainfall patterns, cocoa farmers tend to mix up regular times for spraying cocoa pods to ensure maximum protection (Oyekale, 2015). According to the findings, the most significant impediment to cocoa growers in the study area was the high input cost. The high cost of farm inputs had always been a limiting factor for the cocoa production in Ghana. Due to their limited revenue, smallholder cocoa farmers struggle to buy inputs like better seeds, fertilizer, and chemicals to increase production and adapt to climate change. However, during the poll, the other criteria attracted much attention as well. The costs associated with successfully adopting and implementing technology should not be overlooked. Farmers, for example, must make a major financial sacrifice to achieve effective input and labor use. According to Bonabana (2002), adopting new procedures or technologies can be expensive. As a result, regardless of the perceived gains’ possible positive nature, the adoption rate of new agricultural practices is significantly influenced by farmers’ financial status. Hence, the adoption rate is frequently influenced by whether or not the technology is subsidized; otherwise, the adopters’ financial resources will determine whether or not they adopt (Khanna, 2001). According to the data acquired, labor availability was also cited as a limiting issue in cocoa output in the study area. Because new agricultural innovations are typically labor intensive, the availability of labor in the area will assist farmers in implementing innovations. According to studies such as Hailu et al. (2014), enhanced techniques necessitate a lot of labor. Thus households with a large labor force use the technology on their agricultural plots more than those with a small labor force. The positively significant link between labor availability and agricultural innovation adoption led Nandi and Nedumaran (2021) to conclude that labor availability is necessary for technology adoption that boosts farmer yield. Because enhanced forage methods are labor-expensive, Ali et al. (2018) discovered a positive association between labor availability and the intensity of utilization of improved forages. A major impediment to cocoa farming growth in the research region has been identified as a lack of / inadequate extension service. The more agricultural extension agents that visit farmers, the more likely it is that newer farming technologies and adaptation strategies will be conveyed to and implemented by the farmers. This is because extension agents act as a conduit for disseminating innovative agricultural techniques and adaption strategies to cocoa growers. Farmers’ interactions with extension agents are typically thought to benefit their technology uptake and deployment. As a result, a farmer’s interaction with extension agents raises an understanding of new technologies. Farmers’ access to agricultural extension and their ability to understand and exploit technical innovation, according to Ha et al. (2008), may be attributable to their educational level, which might affect or encourage them to embrace a technology sooner and better vice versa. According to the respondents, one of the main obstacles inhibiting good cocoa production in the research region is the unpredictability of weather circumstances. According to (Oyekale, 2012), climate change is altering the stages and rates of growth of cocoa pests and pathogens, making cocoa more vulnerable to such threats. Changes in environmental variables such as humidity, temperature, and rainfall can enhance pest and disease rates while also changing the types of pests and illnesses that make the cocoa farm setting a welcoming habitat. To improve annual cocoa production and yield efficiency, successive governments since independence have adopted policies and programs to address these significant obstacles plaguing the industry. Governments have committed to bringing policy initiative 2 within the cocoa subsector to implementation so that the subsector can contribute significantly to gross domestic product (GDP) growth. These policies include increasing producer prices, disease and pest control programs, payment of sustainability surcharges, the Hi-Tech program (introducing hybrid seedlings to replace dying, unproductive, and aging cocoa trees), and fertilizer subsidies (Muller, 2016). The government of Ghana introduced the Hi-Tech program in 2003. The program aimed to replace dying, unproductive, and aging cocoa trees with hybrid cocoa seedlings (created by crossing two specific cocoa plant varieties) that are high-yielding and can resist various cocoa diseases and pests. Credit availability was considered the most crucial management strategy for successfully reducing the barriers obstructing profitable cocoa production. Any agricultural business must have money to succeed. According to several studies, providing farmers with access to financing increases their economic, technical, and allocative efficiency. Due to their frequent financial disadvantage, smallholder farmers will find and utilize agricultural knowledge if they have access to credit in the form of money or inputs. Availability of credit is important if improved technology in the form of purchased inputs is to be available to farmers, especially small-scale producers. Improved seed, agrochemicals, and fertilizer, for example, necessitate money in the form of short-term production loans. Credit can help cocoa farmers overcome their financial constraints. According to Adu-Asare (2018), access to credit had a favorable impact on the usage of better agricultural inputs since it allowed farmers to obtain seeds, fertilizers, and other inputs on credit. According to Akudugu et al. (2012), adoption and credit have a considerable association. They claim that credit enables farmers to purchase expensive contemporary technology, making it impossible for many rural farmers, who are typically poor, to obtain and use them without aid in the form of affordable credit and other financial services (Akudugu et al., 2012). For example, due to poverty and restricted access to credit, most small-scale cocoa producers in the country cannot purchase basic production technology such as fertilizers and other agrochemicals, resulting in low crop yields (MoFA, 2010). Research conducted by Kyere (2016) in the forest-savanna transitional zone of Ghana revealed that planting more plantain suckers as a protective shield over cocoa seedlings against excessive sunshine is one of the major adaptation strategies practiced by the farmers due to deforestation that has left large parts of the land bare. In addition, Below et al. (2010) concludes that improved variety has a considerable potential to strengthen the adaptive capacity of farmers. An example is the hybridization of cocoa seeds by the Cocoa Research Institute of Ghana in 1984 (Kolavalli & Vigneri, 2011) to produce the hybrid type grown by most cocoa farmers recently, as it is sunshine tolerant, matures early and gives higher yields compared to the Amazon and Amelonado types previously cultivated. Aneani & Ofori-Frimpong (2013) analyzed the yield gap and some factors of cocoa yield in Ghana and found that planting poor cocoa varieties negatively impacts cocoa yield. This, they indicated, can reduce cocoa yield by 28.1 (kg/h) due to the high genetic variations among the cocoa varieties. According to Burke & Lobell (2010), decisions to switch crop varieties cannot be made based on climate alone. Different varieties have different input requirements and costs associated with their production. Therefore, the farmers must be willing to bare those costs that come with the use of new crop varieties. Another important agricultural adaptation measure is income and crop diversification (Nhemachena & Hassan, 2007). Income diversification involves selling non-timber forest products and activities that farm families undertake beyond the farm, such as petty trading (Below et al., 2010). Cacao production: Challenges and Management Strategies Cacao Variety Selection and Propagation Cacao Soil requirements and Planting distances Water needs and Irrigation of Cacao Cacao Fertilization and Nutrient Requirements Cacao Plant Protection – Major Stresses, Disease and Pest of Cacao Cacao tree Pruning Yield, Harvest, Handling and Storage of Cacao Sales, Trading, and Shipping Cocoa Beans Abara, I. O., and Singh, S. (1993). Ethics and biases in technology adoption: The small-firm argument. Technological Forecasting and Social Change, 43(3-4), 289-300. Adamu, C. O. (2018). Analysis of access to formal credit facilities among rural women farmers in Ogun State, Nigeria. Nigeria Agricultural Journal, 49(1), 109-116. Adu-Asare, K. (2018). Cocoa farming business, financial literacy and social welfare of farmers in Brong-Ahafo Region of Ghana (Doctoral dissertation, University of Cape Coast). Ahenkorah, Y. (1981). Influence of environment on growth and production of the cacao tree: soils and nutrition. In Actes, Douala, Cameroun, 4-12 Nov 1979/7 Conference internationale sur la recherche cacaoyere= Proceedings, Douala, Cameroun, 4-12 Nov 1979/7 International Cocoa Research Conference. Lagos, Nigeria: Secretary General, Cocoa Producers’ Alliance, 1981. Akudugu, M. A., Guo, E., and Dadzie, S. K. (2012). Adoption of modern agricultural production technologies by farm households in Ghana: what factors influence their decisions? Ali, E. B., Awuni, J. A., and Danso-Abbeam, G. (2018). Determinants of fertilizer adoption among smallholder cocoa farmers in the Western Region of Ghana. Cogent Food & Agriculture, 4(1), 1538589. Ameyaw, G. A., Dzahini-Obiatey, H. K., and Domfeh, O. (2014). Perspectives on cocoa swollen shoot virus disease (CSSVD) management in Ghana. Crop Protection, 65, 64-70. Aneani, F., Anchirinah, V. M., Owusu-Ansah, F., and Asamoah, M. (2012). Adoption of some cocoa production technologies by cocoa farmers in Ghana. Sustainable Agriculture Research, 1(1), 103. Bonabana-Wabbi, J. (2002). Assessing factors affecting adoption of agricultural technologies: The case of Integrated Pest Management (IPM) in Kumi District, Eastern Uganda (Doctoral dissertation, Virginia Tech). Danso-Abbeam, G., Addai, K. N., and Ehiakpor, D. (2014). Willingness to pay for farm insurance by smallholder cocoa farmers in Ghana. Journal of Social Science for Policy Implications, 2(1), 163-183. Dormon, E. V., Van Huis, A., Leeuwis, C., Obeng-Ofori, D., and Sakyi-Dawson, O. (2004). Causes of low productivity of cocoa in Ghana: farmers’ perspectives and insights from research and the socio-political establishment. NJAS: Wageningen Journal of Life Sciences, 52(3-4), 237-259. Doss, C. R. (2006). Analyzing technology adoption using microstudies: limitations, challenges, and opportunities for improvement. Agricultural economics, 34(3), 207-219. Giovanopoulou, E., Nastis, S. A., and Papanagiotou, E. (2011). Modeling farmer participation in agri-environmental nitrate pollution reducing schemes. Ecological economics, 70(11), 2175- 2180 Hailu, E., Getaneh, G., Sefera, T., Tadesse, N., Bitew, B., Boydom, A., … and Temesgen, T. (2014). Faba bean gall; a new threat for faba bean (Vicia faba) production in Ethiopia. Adv Crop Sci Tech, 2(144), 2. International Cocoa Organization (ICCO), (2008). Manual on pesticides use in cocoa. ICCO Press releases of 10 June 2008 by ICCO Executive Director Dr. Jan Vingerhoets. International Cocoa Organization (ICCO), London. Kehinde, A. D., and Tijani, A. A. (2011). Effects of access to livelihood capitals on adoption of European Union (EU) approved pesticides among cocoa producing households in Osun State, Nigeria. Agricultura Tropica et Subtropica, 54(1), 57-70. Khanna, M. (2001). Sequential adoption of site‐specific technologies and its implications for nitrogen productivity: A double selectivity model. American journal of agricultural economics, 83(1), 35-51. Kongor, J. E., Boeckx, P., Vermeir, P., Van de Walle, D., Baert, G., Afoakwa, E. O., and Dewettinck, K. (2019). Assessment of soil fertility and quality for improved cocoa production in six cocoa growing regions in Ghana. Agroforestry Systems, 93(4), 1455-1467. Kumi, E., and Daymond, A. J. (2015). Farmers’ perceptions of the effectiveness of the Cocoa Disease and Pest Control Programme (CODAPEC) in Ghana and its effects on poverty reduction. American Journal of Experimental Agriculture, 7(5), 257-274. MoFA, 2010. Production of major crops in Ghana, PPMED, Accra, 12 pp. Namara, R. E., Horowitz, L., Nyamadi, B., and Barry, B. (2011). Irrigation development in Ghana: Past experiences, emerging opportunities, and future directions. Nandi, R., and Nedumaran, S. (2021). Understanding the aspirations of farming communities in developing countries: a systematic review of the literature. The European Journal of Development Research, 33(4), 809-832. Ngala, T. J. (2015). Effect of shade trees on cocoa yield in small-holder cocoa (Theobroma cacao) agroforests in Tabla, Centre Cameroon (Doctoral dissertation, Thesis, crop sciences. University of Dschang, Cameroon). Ofori-Bah, A., and Asafu-Adjaye, J. (2011). Scope economies and technical efficiency of cocoa agroforesty systems in Ghana. Ecological Economics, 70(8), 1508-1518. Ogunsumi, L. O., and Awolowo, O. (2010). Synthesis of extension models and analysis for sustainable agricultural technologies: lessons for extension workers in southwest, Nigeria. Agriculture and Biology Journal of North America, 1(6), 1187-1192. Okojie, L. O., Olowoyo, S. O., Sanusi, R. A., and Popoola, A. R. (2015). Cocoa farming households’ vulnerability to climate variability in Ekiti State, Nigeria. International Journal of Applied Agriculture and Apiculture Research, 11(1-2), 37-50. Okyere, E., and Mensah, A. C. (2016). Cocoa production in Ghana: trends and volatility. International Journal of Economics, Commerce and Management, 5 (3), 462-471. Opoku-Ameyaw, K., Oppong, F. K., Amoah, F. M., Osei-Akoto, S., and Swatson, E. (2011). Growth and early yield of cashew intercropped with food crops in northern Ghana. Journal of Tropical Agriculture, 49, 53-57. Oyekale, A. S. (2012). Impact of climate change on cocoa agriculture and technical efficiency of cocoa farmers in South-West Nigeria. Journal of human ecology, 40(2), 143-148. Wessel, M., and Quist-Wessel, P. F. (2015). Cocoa production in West Africa, a review and analysis of recent developments. NJAS: Wageningen Journal of Life Sciences, 74(1), 1-7. World Bank (2011). Supply Chain Risk Assessment: Cocoa in Ghana. Ghana Cocoa SCRA Report. World Bank. 2007. World development report 2007: Development and the next generation. Washington D.C.: World Bank. Wossen, T., Berger, T., Mequaninte, T., and Alamirew, B. (2013). Social network effects on the adoption of sustainable natural resource management practices in Ethiopia. International Journal of Sustainable Development & World Ecology, 20(6), 477-483. ( Dohmen, et al. 2018) Temperature changes, drought, and prolonged dry season affect the flavor and overall quality of the product (Neilson, 2007) Unlike Farmers in West Africa, Cocoa farmers in Latin America tend to ferment the cocoa pulp surrounding the beans using wooden boxes. In Indonesia, farmers rarely take part in the fermentation process because their production is valued mostly for cocoa butter which is unaffected by fermentation cacao cacao cultivation cacao production cacao tree"
https://wikifarmer.com/important-citrus-diseases-caused-by-fungi/,10/19/2023 20:04,"Which are the most important fungal diseases that affect citrus trees? Pre-harvest fungal citrus diseases Post-Harvest Fungal Diseases of Citrus How to treat fungal post-harvest diseases that occur on citrus fruits? 1. Foot Rot & Gummosis How to detect Phytophthora spp on citrus trees? How to prevent Phytophthora and treat the infected citrus trees? 2. Mal Secco What is Mal secco disease in citrus trees? What are the common symptoms of Mal secco in citrus? – How to detect Mal Secco on citrus trees? How to prevent and treat Mal secco–infected citrus trees? 3) Dry Root Rot What is Dry Root Rot, and how does it affect citrus trees? How to detect Dry Root Rot on citrus trees? How to treat Dry Root Rot – infected citrus trees? What are Citrus Foot Rot and Citrus Gummosis, and how do they infect citrus trees? Foot rot and gummosis are fungal diseases that affect citrus trees and are caused by Phytophthora species (spp). They lead to severe soilborne infections affecting citrus trees’ roots, trunk, branches, shoots, and fruits worldwide. Although ten of these fungal species (oomycete species) have been found to be pathogenic on citrus, only three of them induce the most economic damage and include the: Regarding their mode of infection, P. nicotianae generally does not infect the above-ground parts of citrus trees. It causes foot rot or gummosis, a bark disease characterized by degraded cambium (the growing part of the trunk, just below the outer and inner bark) and phloem tissue (nutrient transport vessels of trees). On the other hand, P. palmivora and P. citrophthora lead to gummosis and Brown Rot of the trunk and major limbs of the citrus trees. Vertical cracking of the bark can also be observed. P. citrophthora can attack the fruits, which display brown patches of soft rotten tissue and a foul smell. Trunk and root rot afflictions are regarded as the most serious on citrus. The infection cycle of Phytophthora spp. begins with the attraction of fungal spores to citrus roots, which leads to entry into the root tip. Infection of the root results in discoloration, softening of root tissue, and decay of fibrous roots. At this stage, the citrus tree roots appear to show damaged lesions, and Crown Rot (Collar Rot) may also occur. Contrastingly, when the fungal spores enter the tree through wounds or bark cracks, they develop into gummosis and foot rot. Root rot induces water stress, potentially resulting in young citrus trees’ death. Mature trees display reduced vigor, decreased fruit production, and twig dieback. Low-hanging fruits may also become infected from new stems (propagules) during rain splashing. This causes the brown rot of fruits and leaf fall. Disease worsening occurs due to susceptible rootstock, excessive irrigation, high water salt accumulation, or frost. The lack of immediate action against infected fruits might cause fungal establishment of branch infections and lead to even more twig dieback. Farmers should pay close attention during the rainy season. Soil amendments that increase soil aeration are necessary to prevent the disease. Well-drained soils are a plus since this fungus enters the tree via the root system. The detection involves using leaf and fruit baits, which are then planted onto media to observe morphological characteristics. Nonetheless, differences in susceptibility and tolerance to individual Phytophthora spp have been reported in different citrus rootstocks. For example, Swingle citrumelo is tolerant to root rot caused by P. nicotianae, but it is susceptible to P. palmivora. Rubidoux trifoliate orange rootstock and Rangpur lime have also shown aggressiveness of P. nicotianae for the last decade. Research suggests that this is due to changing climatic conditions, cultural practices, and the introduction of new rootstocks, i.e., new unknown genotypes in regions. Farmers can use the images below to identify the disease in time for treatment. Regular field observations and soil humidity measurements are also advised. Also, seek the advice of local agronomists. Foot Rot – Brown Rot – Crown Rot and Gummosis Mal secco (Italian for dry disease) is caused by the imperfect fungus, Phoma tracheiphila. It is confined to citrus-growing regions of the Mediterranean Basin, the Black Sea, and Asia Minor. Species of Poncirus (orange variety), Severinia (Chinese box orange), Fortunella (Malayan kumquat), and citrus (lemon varieties) are susceptible. Still, Citrus limon (common lemon) is particularly vulnerable to this vascular disease (xylem & phloem vessels that carry fluids). The mode of action of P. tracheiphila comprises the dispersal of its spores in the rain. The spores germinate on the leaves and enter the leaf tissue through the stomata (pores in the epidermis of leaves that provide gas exchange) or through wounds. Once the fungus reaches the xylem (vessels that uptake water), it spreads everywhere within the plant. Since the water-carrying vessels are infected, the citrus is no longer receiving adequate hydration resulting in wilting of branches. Symptoms of the disease include veinal chlorosis, leaf wilk, and dieback of twigs and branches. If the tree remains untreated during the last stages of infection, the bark raptures and exposes numerous black fungal spores. At this stage, the death of the tree is imminent. Unfortunately, two other forms of this disease have been documented. Mal fulminate is a rapidly fatal form of P. tracheiphila that occurs when the fungus infects the base of the trunk or the tree’s roots. Mal nero is a chronic infection characterized by the browning of the heartwood (darker inner wood of the trunk). Longitudinal sections across the twigs reveal a characteristic salmon-pink or orange-reddish discoloration of the wood associated with gum production. Mal secco disease in citrus trees Other soilborne fungal pathogens such as Pythium spp., Thielaviopsis basicola, Armillaria mellea, and Diplodia matalensis affect citrus trees and decrease their yields. However, they are considered minor root pathogens that can potentially cause problems under favorable environmental conditions. Dry Root Rot is a soilborne disease caused by the fungus Fusarium solani, which is very widespread and problematic on citrus trees. Cases have been found almost worldwide, including Australia, Europe, North America, South Africa, and India. This fungus is a primary colonizer of fibrous root systems, which rot and turn black after infection. The fungus excretes powerful toxins which are transported through the xylem (water uptake vessels of trees), and plug vessels, reduce water uptake, cause veinal chlorosis, leaf wilt, and the accumulation of zinc in the truck wood of citrus trees, which is also toxic. After initial infection by F. solani, other pathogens find their way in, such as Phytophthora spp. and nematodes, which exacerbate disease symptoms. F. solani disease occurs in groves with heavy soils that retain high levels of moisture all year round. Maintaining favorable soil conditions for healthy root growth is suggested to manage this disease. These include amending the soil composition with mineral rocks that allow airflow and prevent compaction, such as zeolite and attapulgite clay. If the fungus shows resistance and reappears, fungicides might need to be applied to save the yield and consequently the citrus trees. Early detection is difficult because the disease first appears on the root system of the trees. Veinal chlorosis and leaf wilt appear at a later stage and are characteristic symptoms of the disease. Detection at this stage could save the tree after appropriate treatment. Post-harvest fungal decays are also prevalent in citrus, and they depend on the: Typically, pre-harvest pathogens, such as Colletotrichum gloeosporioides, infect fruits in the field between fruit set and harvest, but they then transition to necrotrophs (organisms that actively destroy host-tissue using toxins to feed) and, along with wound pathogens (e.g. Penicillium digitatum, P. italicum) attack fruits during post-harvest handling. 1. Alternaria Rot or Sooty Mold (Inner Black Rot) What is Alternaria, and how does it affect citrus fruits? Alternaria rot, or in other words, Sooty mold, is caused by the fungus Alternaria citri, which causes premature coloring of fruits on the trees and the development of light brown to black lesions of the rind (peel of fruit) and internal black discoloration, mainly along the central axis of the fruit during storage. This disease is mainly a stem-end rot of fruits that have been stored at low temperatures for long periods of time. A. citri exists saprophytically in orchards and produces airborne spores (conidia). The disease only develops following damage from sunburn, drought, frost, or over-maturity of the stylar end of the fruit (i.e. the naval). Alternaria rot in lemons 2. Anthracnosis in citrus trees What is Anthracnose, and how does it affect citrus fruits? Anthracnose or Lemon Scab disease is caused by the fungus Colleototrichum gloeosporioides (previously known as Glomerella cingulata). Species from the Sphaceloma genus of fungi can also cause this disease. It primarily affects bruised or damaged citrus fruits. Its fungal spores are spread by rain or overhead irrigation. They remain latent on the surface of the fruit and only germinate and become problematic when the fruit tissues are weakened. This weakening could be caused by pests, mechanical damage, chemical sprays, sunburn, or ethylene treatment during the degreening process of the harvested fruits. Anthracnose exhibits brown to black lesions about 1.5 cm in diameter on the rind of the fruits. The resulting decay is firm and dry, and softening of the fruit depends on the extent of invasion. Fungal spores display salmon-pink colors and are visible under humid conditions. Anthracnosis in oranges 3. Diplodia Stem-end Rot What is Diplodia stem-end rot, and how does it affect citrus fruits? Diplodia stem-end rot is caused by the fungus Botryosphaeria rhodina. This saprophytic fungus lives on dead twigs in the field. Spores are either spread by rain splash over short distances or by air. Although the spores are deposited in the stylar region of the fruit while it is still in the tree, the pathogenes don’t enter the tissue until after harvest when the button (remnants of the floral calyx) is removed. Early removal of the button provides a site for fungal entry into the fruit under favorable conditions (temperature: > 21°C, humidity > 90%). Decay progresses unevenly over the fruit. Diplodia Stem-end Rot in oranges 4. Gray Mold or Botrytis Blossom What is Gray mold, and how does it affect citrus fruits? Gray mold is a fungal disease caused by Botrytis cinerea (Botryotinia fuckeliana). Fungal spores produced on organic debris in the orchard are dispersed to flowers (Blossom blight) by wind or rain splash. Infected petals are the primary source of infection of fruit and twigs. It is difficult to identify the disease due to genetic and morphological variability. Citrus trees are the most affected out of the 200 host plants. The fungus creates gray mold associated with brown leathery decay of the fruits. Fruit set is reduced, and premature fruit drop is also common. Gray Mold or Botrytis Blossom in citrus 5. Sour Rot What is Sour Rot, and how does it affect citrus fruits? Sour rot is caused by the Galactomyces citri–aurantii (anamorph Geotrichum citri–aurantii) fungus. It is regarded as the most unpleasant of all the citrus decays. The fungus is soilborne and spreads to fruits by wind and rain. Entry into the rind occurs through mechanical or insect injuries. G. citri–aurantii affects mature and over-mature lemons and is often found with P. digitatum and P. italicum pathogens. Disease symptoms include the initial development of water-soaked, light- to dark-yellow, slightly raised lesions, and, over time, the fruit disintegrates into a slimy, watery mass. Sour rot in lemons 6. Green Mold Green mold is caused by the fungus Penicillium digitatum. The fungus acidifies the host tissue during decay development and actively takes up ammonium ions. Neutral pH plays a major role in regulating the spread of the disease. Fungal spores persist in orchards and are dispersed in air currents. They infect fruits through wounds and grow into powdery mycelium (roots of fungi). P. digitatum produces olive green sporulating areas hence its name. Once the fruit rots completely, it becomes dry. Green mold and Sour rot are the most economically important post-harvest citrus diseases in arid growing regions. Green Mold in lemons 7. Blue Mold What is Blue mold, and how does it affect citrus fruits? Blue mold is caused by the fungus Penicillium italicum. It displays the same mode of action and infection as green mold. However, it grows better at lower temperatures (10°C) and is more readily dispersed in packing, storage, and transit facilities than P. digitatum. Prevention and Treatment of Green and Blue mold in citrus trees Blue mold in lemons 8. Black Mold What is Black mold, and how does it infect citrus fruits? Black mold is caused by the fungus Aspergillus niger. It survives saprophytically in the orchard, and air currents disperse the spores. Disease identification is similar to Sour rot and starts with the appearance of light-brown to orange-colored lesions that later become sunken as decay progresses. Eventually, soft decayed fruits are covered with black powdery layers of fungal spores. A. niger is generally problematic when fruits are held at high temperatures (> 15°C). Infection occurs through damage incurred during handling. The fungus secrets large amounts of acids that decay the fruit and compromise citrus fruit defenses. Foot rot gummosis are fungal diseases that affect citrus trees and are caused by species (spp) . They lead to severe soilborne infections affecting citrus trees’ roots, trunk, branches, shoots, and fruits worldwide. P. citrophthora common in Mediterranean areas P. nicotianae P. parasitica ) in subtropical areas and, P. palmivora in subtropical and tropical regions Regarding their mode of infection, generally does not infect the above-ground parts of citrus trees. It causes foot rot or gummosis, a bark disease characterized by degraded cambium (the growing part of the trunk, just below the outer and inner bark) and phloem tissue (nutrient transport vessels of trees). lead to gummosis and Brown Rot of the trunk and major limbs of the citrus trees. Vertical cracking of the bark can also be observed. can attack the fruits, which display brown patches of soft rotten tissue and a foul smell. Melanose disease is caused by the fungus Diaporthe and exhibits similar symptoms on the fruit. Dark brown to black spots appear on fruit, twigs, and leaves, which are raised and rough. However, the damage is superficial and does not affect internal fruit quality, making this disease less severe than the rest. The infection cycle of How to detect spp on citrus trees? Nonetheless, differences in susceptibility and tolerance to individual spp have been reported in different citrus rootstocks. For example, Swingle citrumelo is tolerant to root rot caused by P. nicotianae , but it is susceptible to . Rubidoux trifoliate orange rootstock and Rangpur lime have also shown aggressiveness of for the last decade. Research suggests that this is due to changing climatic conditions, cultural practices, and the introduction of new rootstocks, i.e., new unknown genotypes in regions. Farmers can use the images below to identify the disease in time for treatment. Regular field observations and soil humidity measurements are also advised. Also, seek the advice of local agronomists. Mal secco (Italian for dry disease) is caused by the imperfect fungus, . It is confined to citrus-growing regions of the Mediterranean Basin, the Black Sea, and Asia Minor. Species of Poncirus (orange variety), Severinia (Chinese box orange), Fortunella ( Malayan kumquat citrus (lemon varieties) are susceptible. Still, Citrus limon (common lemon) is particularly vulnerable to this vascular disease (xylem & phloem vessels that carry fluids). The mode of action of P tracheiphila comprises the dispersal of its spores in the rain. The spores germinate on the leaves and enter the leaf tissue through the stomata (pores in the epidermis of leaves that provide gas exchange) or through wounds. Once the fungus reaches the xylem (vessels that uptake water), it spreads everywhere within the plant. Since the water-carrying vessels are infected, the citrus is no longer receiving adequate hydration resulting in wilting of branches. Symptoms of the disease include veinal chlorosis, leaf wilk, and dieback of twigs and branches. If the tree remains untreated during the last stages of infection, the bark raptures and exposes numerous black fungal spores. At this stage, the death of the tree is imminent. Unfortunately, two other forms of this disease have been documented. Mal fulminate is a rapidly fatal form of P. that occurs when the fungus infects the base of the trunk or the tree’s roots. Mal nero is a chronic infection characterized by the browning of the heartwood (darker inner wood of the trunk). Prune tree shoots and branches that bear fungal spores Remove suckers Spray with fungicides Early diagnosis can prevent spreading Other soilborne fungal pathogens such as Pythium Thielaviopsis basicola Armillaria mellea Diplodia matalensis affect citrus trees and decrease their yields. However, they are considered minor root pathogens that can potentially cause problems under favorable environmental conditions. variety, weather conditions, degree of damage during harvest conditions of the post-harvest facility Typically, pre-harvest pathogens, such as , infect fruits in the field between fruit set and harvest, but they then transition to necrotrophs (organisms that actively destroy host-tissue using toxins to feed) and, along with wound pathogens (e.g. Penicillium digitatum italicum ) attack fruits during post-harvest handling. Alternaria rot , or in other words, Sooty mold , is caused by the fungus Alternaria citri , which causes premature coloring of fruits on the trees and the development of light brown to black lesions of the rind (peel of fruit) and internal black discoloration, mainly along the central axis of the fruit during storage. This disease is mainly a stem-end rot of fruits that have been stored at low temperatures for long periods of time. A. citri exists saprophytically in orchards and produces airborne spores (conidia). The disease only develops following damage from sunburn, drought, frost, or over-maturity of the stylar end of the fruit (i.e. the naval). Scab disease is caused by the fungus (previously known as Glomerella cingulata ). Species from the Sphaceloma genus of fungi can also cause this disease. It primarily affects bruised or damaged citrus fruits. Its fungal spores are spread by rain or overhead irrigation. They remain latent on the surface of the fruit and only germinate and become problematic when the fruit tissues are weakened. This weakening could be caused by pests, mechanical damage, chemical sprays, sunburn, or ethylene treatment during the degreening process of the harvested fruits. Anthracnose exhibits brown to black lesions about 1.5 cm in diameter on the rind of the fruits. The resulting decay is firm and dry, and softening of the fruit depends on the extent of invasion. Fungal spores display salmon-pink colors and are visible under humid conditions. stem-end rot Botryosphaeria rhodina . This saprophytic fungus lives on dead twigs in the field. Spores are either spread by rain splash over short distances or by air. Although the spores are deposited in the stylar region of the fruit while it is still in the tree, the pathogenes don’t enter the tissue until after harvest when the button (remnants of the floral calyx) is removed. Early removal of the button provides a site for fungal entry into the fruit under favorable conditions (temperature: > 21°C, humidity > 90%). Decay progresses unevenly over the fruit. Gray mold is a fungal disease caused by Botryotinia fuckeliana ). Fungal spores produced on organic debris in the orchard are dispersed to flowers (Blossom blight) by wind or rain splash. Infected petals are the primary source of infection of fruit and twigs. It is difficult to identify the disease due to genetic and morphological variability. Citrus trees are the most affected out of the 200 host plants. The fungus creates gray mold associated with brown leathery decay of the fruits. Fruit set is reduced, and premature fruit drop is also common. A similar disease includes Postbloom Drop (PFD) caused by Colletotrichum acutatum . The disease appears as peach or brown-colored necrotic spots on the petals of citrus flowers. It induces fruit drop and forms persistent buttons (calyces), which remain attached to the stems of the trees. The damage is most severe on Valencia oranges but can be seen in most citrus species. PFD dispersal depends on humidity levels. The fungus also survives on the surface of leaves, twigs, and flowers. Sour is caused by the Galactomyces aurantii (anamorph Geotrichum ) fungus. It is regarded as the most unpleasant of all the citrus decays. The fungus is soilborne and spreads to fruits by wind and rain. Entry into the rind occurs through mechanical or insect injuries. G. affects mature and over-mature lemons and is often found with pathogens. Disease symptoms include the initial development of water-soaked, light- to dark-yellow, slightly raised lesions, and, over time, the fruit disintegrates into a slimy, watery mass. Green Penicillium digitatum . The fungus acidifies the host tissue during decay development and actively takes up ammonium ions. Neutral pH plays a major role in regulating the spread of the disease. Fungal spores persist in orchards and are dispersed in air currents. They infect fruits through wounds and grow into powdery mycelium (roots of fungi). P. digitatum produces olive green sporulating areas hence its name. Once the fruit rots completely, it becomes dry. Green mold and Sour rot are the most economically important post-harvest citrus diseases in arid growing regions. Blue Penicillium italicum . It displays the same mode of action and infection as green mold. However, it grows better at lower temperatures (10°C) and is more readily dispersed in packing, storage, and transit facilities than Immersion of infected fruits in a fungicidal solution Fruits showing de-greening could be exposed to hot water treatment followed by treatment with ammonia Black Aspergillus niger. It survives saprophytically in the orchard, and air currents disperse the spores. Disease identification is similar to Sour rot and starts with the appearance of light-brown to orange-colored lesions that later become sunken as decay progresses. Eventually, soft decayed fruits are covered with black powdery layers of fungal spores. A. niger is generally problematic when fruits are held at high temperatures (> 15°C). Infection occurs through damage incurred during handling. The fungus secrets large amounts of acids that decay the fruit and compromise citrus fruit defenses. Application of fungicides incorporated in fruit waxes, e.g., Fludioxonil Application of biological control agents such as Candida oleophila Immerse fruit in sodium bicarbonate at ambient temperatures Heat fruit in sodium carbonate Heat fruit in borax and boric acid mixtures Biological control formulations using Bacillus Pantoea agglomerans Application of ionizing radiation"
https://wikifarmer.com/important-virus-diseases-in-citrus-trees/,10/19/2023 20:04,"What are the most important viral diseases that affect citrus trees? 1. Tristeza How to prevent or treat Tristeza (CTV) – infected citrus trees? 2. Tatter Leaf or Citrange Stunt 3. Psorosis 4. Leprosis 5. Exocortis & Cachexia How to treat Tatterleaf (CTLV) – infected citrus trees? What is the Citrus Psorosis Virus, and how does it affect citrus trees? How to prevent and treat Psorosis-infected citrus trees? How to prevent and treat Citrus Leprosis – infected citrus trees? How to treat Exocortis and Cachexia – infected citrus trees? How does the tristeza virus affect citrus trees? Citrus Tristeza Virus (CTV) is a phloem-limited virus that belongs to the Closteroviridae family. It infects all citrus species, hybrids and cultivars, and other closely related Citrus and Fortunella genera of the Rutaceae family. CTV is considered the most important viral disease of citrus worldwide. Symptoms of CTV depend on environmental conditions, rootstock, and virus strain; and include overall tree decline, stem-pitting, and yellow stains on seedlings. Infection usually results in quick decline, wilting, and death of the tree. Once the infection has occurred, the phloem vessels (the ones that carry nutrients) become dysfunctional leading to girdling at the bud union, a reduction of the root system, dull-green to yellow foliage, leaf drop, twig die-back, and the production of low quality, unmarketable pale fruits. Symptoms also include stunting and small yellow leaves in grapefruit and sour orange. In extreme cases, there is a distribution of deep pits, longitudinal depression in the bark, distortion, and twisting of the main branches, and the development of many fine pits. Citrus Tristeza Virus Most CTV introductions in a country arise from propagating virus-infected planting materials. Contrastingly, local virus dispersal is due to vector transmission. Seven aphid species are considered CTV vectors: Other factors affecting the rate of CTV spread include aphid population density, environmental conditions such as moderate temperatures, irrigation, and nitrogen fertilization that results in new foliage flushes. CTV is responsible for the death of over 50 million trees, especially in regions where the most susceptible rootstock is used, which is sour orange. This disease is distributed worldwide in tropical citrus-growing areas. Iodine testing on plants for starch depletion and microscopic detection for inclusion bodies have been used for diagnosis. Farmers that cultivate citrus trees could use the above description of the symptoms and the pictures indicated to identify potential Tristeza infections on their trees. Always seek the advice of your local agronomist. The biological control of aphids, virus vectors, is one of the most effective ways to treat the disease. What is the Citrus Tatter Leaf Virus, and how does it affect citrus trees? Citrus Tatter Leaf Virus (CTLV) disease is caused by the Citrus tatter leaf virus. It affects many citrus species, hybrids, and cultivars; however, it remains symptomless in most citrus species, including C. sinensis, C. aurantium, C. paradisi, C. reticulata and C. limon. Tatterleaf virus is believed to have originated in China and to have been imported into the USA in 1962 in latently infected ‘Meyer lemon’ materials. Since then, it’s been reported in Japan, Africa, and Australia and is restricted to Morocco in the Mediterranean. This disease causes bud-union abnormalities or fluting when these varieties are grafted onto a trifoliate rootstock. Stems of afflicted citrange plants become deformed and exhibit a zig-zag growth pattern in chlorotic regions. Stunting is also observed. Chlorotic spotting and mottling appear on leaves which show deformities or tattered leaves. The spreading of this virus is amplified by mechanical transmission via pruning tools or razor cuts. There is no evidence of invertebrate vectors for this disease. See images for identification. Citrus Tatter Leaf Virus Citrus Psorosis Virus (CPsV) is a disease caused by a member of the genus Ophiovirus. Psorosis A is the more common and milder form of the disease compared to Psorosis B, which is the more severe form. The latter strain has been referred to as the Citrus ringspot virus. Symptoms of Psorosis A include bark scaling in mature (over ten years) orange, grapefruit, and mandarin field trees. At a later stage, gumming appears, which leads to its accumulation below the scales, impregnating the xylem (water-carrying vessels), resulting in the staining of the wood of the main trunk and limbs and vessel occlusions. Leaf symptoms such as chlorotic flecking are observed on young leaves on new flushes. Psorosis B symptoms include persistent chlorotic flecking on leaves with gummy pustules on the underside, extensive bark scaling of the trunk and secondary branches, and occasional ringspot blemishes on fruits. Neither strain of the disease kills citrus trees completely. However, infected trees exhibit reduced canopies and twig die-back. Their fruits weigh less than normal. The propagation of infected planting materials mainly spreads psorosis, but observations in Argentina, Texas, and California implicate an unknown vector. Citrus Psorosis Virus What is the Leprosis virus, and how does it affect citrus trees? Citrus leprosis (CL), or scaly bark, is a disease that affects citrus trees, and it is caused by the Citrus leprosis virus (CiLV). The disease is responsible for large economic losses, mostly of orange and mandarin (C. reticulata, C. reshni, C. deliciosa). Symptoms include the appearance of lesions on citrus leaves, stems, and fruits. Lesions 2-3 mm in diameter are initially chlorotic and then become necrotic while maintaining a chlorotic halo. Larger lesions (10-20 mm) form due to the coalescence of smaller leaf lesions. Fruit lesions become depressed and are associated with gum exudation. Stems exhibit protuberant, necrotic lesions. At a later stage, twigs dry up and die. Leprosis virus in citrus trees Premature fruit drop is observed, as well as leaf abscission. The Leprosis virus is mostly reported in the Americas; it has not occurred in Europe. The disease usually spreads via vectors. Brevipalpus mites (false spider mites) have been incriminated in vectoring CiLV. Each viral lesion produced is presumably associated with feeding by a mite vector. Close observation and biological control of these mites are considered the most effective ways to treat and prevent the disease at the earlier stage possible. What are Exocortis and Cachexia diseases, and how do they affect citrus trees? Exocortis and Cachexia are viroid diseases caused by Citrus exocortis viroid (CEVd) and Hop stunt viroid (HSVd), respectively. They are pathogenic to all citrus species and varieties but not lethal and cause significant economic losses worldwide. Symptoms of Exocortis include stunting, bark-scaling, and bark-splitting of trees grafted on trifoliate orange, citranges, citron, ‘Palestinian sweet lime,’ and ‘Rangpur lime.’ Losses mainly result from reduced vegetative growth and fruit yield; fruit quality is usually not affected. Tree age and environmental condition determine the severity of the symptoms and the time of symptom expression. CEV-infected sweet oranges, grapefruit, and mandarin are generally symptomless. However, when grafted on sensitive rootstock, bark-scaling develops on the rootstock, and the tree exhibits stunting. On the other hand, Cachexia is a gumming and wood-pitting disorder of citrus, similar to Exocortis. Symptoms include pitting and gum impregnation of the phloem (nutrient transport vessels of trees). Over time, infection is characterized by stunting, chlorosis, and eventual death of the tree. The following images represent the disease and can be used for identification. Early identification by regular observation can prevent economic loss. Citrus Tristeza Virus (CTV) is a phloem-limited virus that belongs to the Closteroviridae family. It infects all citrus species, hybrids and cultivars, and other closely related Fortunella genera of the Rutaceae family. Aphis gossypii Aphis craccivora Toxoptera aurantia Myzus persicae Macrosiphum euphorbiae Toxoptera citricida Unfortunately, there is no single effective strategy against CTV Virus-free certification programs should be introduced on a local scale for monitoring Prohibition of importation of citrus trees from countries with CTV Treatment of exported fruits for pests to prevent the introduction in other countries Use of biological control of aphid vectors Chemical control of aphid vectors Citrus Tatter Leaf Virus (CTLV) disease is caused by the Citrus tatter leaf virus . It affects many citrus species, hybrids, and cultivars; however, it remains symptomless in most citrus species, including C. sinensis, C. aurantium, C. paradisi, C. reticulata Combination of thermotherapy and shoot-tip grafting techniques Citrus Psorosis Virus (CPsV) is a disease caused by a member of the genus Ophiovirus . Psorosis A is the more common and milder form of the disease compared to Psorosis B, which is the more severe form. The latter strain has been referred to as the Citrus ringspot virus . Symptoms of Psorosis A include bark scaling in mature (over ten years) orange, grapefruit, and mandarin field trees. At a later stage, gumming appears, which leads to its accumulation below the scales, impregnating the xylem (water-carrying vessels), resulting in the staining of the wood of the main trunk and limbs and vessel occlusions. Leaf symptoms such as chlorotic flecking are observed on young leaves on new flushes. Psorosis B symptoms include persistent chlorotic flecking on leaves with gummy pustules on the underside, extensive bark scaling of the trunk and secondary branches, and occasional ringspot blemishes on fruits. Neither strain of the disease kills citrus trees completely. However, infected trees exhibit reduced canopies and twig die-back. Their fruits weigh less than normal. The propagation of infected planting materials mainly spreads psorosis, but observations in Argentina, Texas, and California implicate an unknown vector. Implementation of budwood certification programs on a local scale Use of serological methods for diagnosis TAS-ELISA & RT-PCR methods for early detection Eliminate the virus from propagative materials using shoot-tip grafting, thermotherapy (40°C for 16 hours with light and 30°C for 8 hours in the dark) Citrus leprosis (CL) , or scaly bark, is a disease that affects citrus trees, and it is caused by the leprosis virus CiLV ). The disease is responsible for large economic losses, mostly of orange and mandarin ( C. reticulata, C. reshni, C. deliciosa ). Symptoms include the appearance of lesions on citrus leaves, stems, and fruits. Lesions 2-3 mm in diameter are initially chlorotic and then become necrotic while maintaining a chlorotic halo. Larger lesions (10-20 mm) form due to the coalescence of smaller leaf lesions. Fruit lesions become depressed and are associated with gum exudation. Stems exhibit protuberant, necrotic lesions. At a later stage, twigs dry up and die. Premature fruit drop is observed, as well as leaf abscission. The Leprosis virus is mostly reported in the Americas; it has not occurred in Europe. The disease usually spreads via vectors. Brevipalpus mites (false spider mites) have been incriminated in vectoring CiLV. Each viral lesion produced is presumably associated with feeding by a mite vector. Close observation and biological control of these mites are considered the most effective ways to treat and prevent the disease at the earlier stage possible. Use of resistant citrus cultivars Use of windbreaks Control of weeds that are reservoirs of vectors such as mites Pruning to reduce disease inoculum Seasonal acaricide sprays to manage mite populations Use of entomopathogenic fungi for biological control of mites Use on predaceous mites (Phytoseiidae) Exocortis Cachexia are viroid diseases caused by exocortis viroid (CEVd) Hop stunt (HSVd) , respectively. They are pathogenic to all citrus species and varieties but not lethal and cause significant economic losses worldwide. Symptoms of Exocortis include stunting, bark-scaling, and bark-splitting of trees grafted on trifoliate orange, citranges, citron, ‘Palestinian sweet lime,’ and ‘Rangpur lime.’ Losses mainly result from reduced vegetative growth and fruit yield; fruit quality is usually not affected. Tree age and environmental condition determine the severity of the symptoms and the time of symptom expression. On the other hand, Cachexia is a gumming and wood-pitting disorder of citrus, similar to Exocortis. Symptoms include pitting and gum impregnation of the phloem (nutrient transport vessels of trees). Over time, infection is characterized by stunting, chlorosis, and eventual death of the tree. The following images represent the disease and can be used for identification. Early identification by regular observation can prevent economic loss. Use of certified budwood Clean pruning equipment and budding knives Removal of diseased trees Chagas CM (2000) Leprosis and Zonate Chlorosis. In: Timmer LW, Garnsey SM, Graham JH (Eds) Compendium of Citrus Disease. American Phytopathological Society Press. St. Paul. MN, pp 57-58 Derrick KS, Barthe GA (2000) Psorosis. In: Timmer LW, Garnsey SM, Graham JH (Eds). Compendium of Citrus Diseases. St. Paul. MN, pp 58-59S Fagoaga et al., 2006. Post-transcriptional gene silencing of the p23 silencing suppressor of Citrus tristeza virus confers resistance to the virus in transgenic Mexican lime. Plant Molecular Biology. 60, 153-165 Gandia et al. 2007, Transcriptional response of Citrus aurantifolia to infection by Citrus tristeza virus. Virology 367, 298 – 306 Garnsey SM, Gumpf DJ, Roistacher CN, Civerolo E, Lee RF, Yokomi RK, Bar-Joseph M (1987) Toward a standard evaluation of the biological properties of citrus tristeza virus. Phytophylactica 19, 151-157 Hilf ME (2008) An immunocaptive RT-PCR procedure using Apple stem grooving virus antibodies facilitates analysis of Citrus tatter leaf virus from the original Meyer Lemon host. Plant Disease 92, 746-750 https://en.wikipedia.org/wiki/Citrus_leprosis_disease Ohira et al., 1995, Complete sequence of an infectious full-length cDNA clone of citrus tatter leaf capillovirus: comparative sequence analysis of capillovirus genomes. Journal of General Virology 76, 2305- 2309 Ruiz-Ruiz et al., 2006. The complete nucleotide sequence of a severe stem pitting isolate of Citrus tristeza virus from Spain: comparison with isolates from different origins. Archives Virology 151, 387-398 virus diereses"
https://wikifarmer.com/category/trees/cacao-tree/,10/19/2023 20:04,"Cacao tree Cacao production: Challenges and Management Strategies Cacao Variety Selection and Propagation – What are the 3 major variety of cacao? Cacao Soil requirements and Planting distances Water needs and Irrigation of Cacao Cacao Fertilization and Nutrient Requirements Cacao Plant Protection – Major Stresses, Disease and Pest of Cacao Cacao tree Pruning Yield, Harvest, Handling and Storage of Cacao Cocoa has long been an important economic commodity in Ghana and a major source of revenue and export (Okyere & Mensah, 2016). The cocoa business employs around 2 million people […] Three main varieties of cacao have been identified. Their names are Criollo, Forastero, and Trinitario (Minimal et al., 2019). The Forastero has a milder flavor than the Criollo but is […] Cocoa is grown on many soil types. Cacao trees are more susceptible to moisture stress than many other tropical plants. In addition, cacao trees suffer from waterlogging (Anim-Kwapong & Frimpong, […] The high average annual rainfall ranges from 78 – 216 cm (31 – 85 inches) in Ghana, unevenly distributed in most years. Coupled with the high evapotranspiration and loss by […] Modern cocoa farming aims to maximize early growth and achieve high initial yields and later sustained peak yields. To achieve this, one must have a good understanding of the factors […] ]Over the next 30 years, it is expected that cocoa-growing areas may decrease by up to 20–30% globally. This is because cacao plant is already finding it difficult to survive […] In cacao cultivation, pruning is considered an essential yield-increasing measure. However, the way it affects the growth and yield of the cacao tree and how these are influenced by the […] Around 95% of the total cacao globally is produced by 5-6 million smallholder farmers from Asia, Africa, Australia, and Latin America, owning farms of 2-5 hectares (M.Kozicka et al.,2018). West […]"
https://wikifarmer.com/bacterial-citrus-diseases-identification-and-control/,10/19/2023 20:04,"What are the most important bacterial diseases that affect citrus trees? 1. Citrus Canker 2. Citrus Greening or Citrus Huanglongbing 3. Citrus Stubborn 4. Citrus Variegated Chlorosis 5. Black pit What is Citrus Canker, and how does it affect citrus trees? Common symptoms of Citrus canker How to prevent and treat Citrus Canker – infected citrus trees? What is Citrus Greening, and how does it affect citrus trees? Common Citrus Greening symptoms How to treat Huanglongbing–infected citrus trees? What is Citrus Stubborn, and how does it affect citrus trees? How to prevent or treat Citrus Stubborn – infected citrus trees? What is the Citrus Variegated Chlorosis disease, and how does it affect citrus trees? How to prevent Variegated Chlorosis and treat infected citrus trees? What is Black Pit, and how does it affect citrus trees? Citrus canker (CC) is a disease caused by the bacterium Xanthomonas axonopodis (syn X. campestris). This species includes three pathovars (bacterial sets of strains with the same/similar characteristics). The strain X. axonopodis pv. citri causes the most severe and widespread disease, CC-A (Asiatic citrus canker), and has been reported in citrus cultivars in Oman, Saudi Arabia, Iran, India, southwest Asia, and Florida. Other strains of this bacterium also cause disease in lemons, Mexican limes, sour oranges, and pummelo in South America, as well as grapefruit and trifoliate oranges. Symptoms include the formation of fruit and leaf blemishes. Infested fruits show dark brown to black raised lesions. Under favorable conditions, defoliation, shoot die-back, and fruit drop can occur. This pathogenic bacterium first appears on the lower leaf surfaces, developing light-colored, pin-point lesions that become raised, tan-colored pustules over time. By that stage, the lesions are visible on the upper leaf surface and might also be surrounded by a chlorotic halo. Eventually, the lesions take a corky or spongy crater-like appearance. Their size depends on the citrus cultivar and the age of the tree, but it generally ranges between 2 and 10 mm in diameter. Similar lesions occur on twigs and fruits. X. axonopodis entry into the plants occurs directly through the stomata on the leaves or wounds caused by thorns, blowing sand, or even the Asian citrus leaf miner, Phyllocnistis citrella. The pathogen can be dispersed up to 32 m from infected trees by wind-blown rain. Farther dispersal, up to 15 km, is associated with tropical storms and tornadoes. Close observation of the underside of the leaves is advised at regular intervals for early identification and prevention. Farmers cultivating citruses should also check for leaf miners and use biological control methods against them. Always seek the advice of local agronomists. Farmers can use the above description of the symptoms and the images for identification to take immediate action against this disease. Citrus Canker Symptoms Citrus greening (HLB), or yellow-shoot disease, is one of citrus’s most extensively studied bacterial diseases. It is caused by a prokaryote of the phylum Proteobacteria named Candidatus liberibacter. It attacks the phloem (nutrient transportation vessels of trees) of citruses. Transmission of this disease occurs via an insect vector. Citrus Greening infections caused by the heat-tolerant forms of the bacterium (Ca. Liberibacter asiaticus & Ca. Liberibacter americanus), are vectored by the Asian citrus psyllid (Diaphorina citri). On the other hand, the African form of Citrus Green, is caused by Ca. L. africanus, is a heat-sensitive form that is vectored by the African citrus psyllid (Trioza erytreae). Young trees exhibit symptoms, including the appearance of a yellow shoot composed of blotchy, mottled leaves, which later progress across the entire tree canopy. Young diseased trees never manage to produce fruits. Disease symptoms in older trees are first confined to the initial area of infection, while the remaining canopy shows normal vegetative growth and fruit production. Over time, yellowing spreads across the tree, the foliage becomes sparse, and the tree cannot produce fruits. Asia shows worse cases of die-back and overall decline than other regions. The premature shedding of green fruits is associated with the spotted foliar symptoms, hence the name ‘greening.’ Fruits that remain on the tree are small, misshaped, contain aborded seeds, and only mature on one side. They are also inedible, very acidic, and bitter. The disease has been observed in the Indian subcontinent, China, Southeast Asia, East Africa, Cameroon, Madagascar, Reunion and Mauritius islands, and the southwest Arabian Peninsula. 2004 HLB was recorded in Sao Paulo, Brazil, Florida, and the USA. Farmers should focus on eliminating the psyllid vector using biological control methods even before the appearance of symptoms. Citrus greening disease Citrus stubborn (CSD) is a bacterial disease caused by Spiroplasma citri. Its mode of action is very similar to the HLB disease, showcasing spotted leaves and misshapen fruits that do not color at the stem ends. S. citri attacks the phloem of citrus trees, meaning that nutrient uptake is affected. Young trees seem severely stunted, with dense, abnormally upright leaves. Such symptoms are less evident on mature trees. However, fruits become less nutritious and yield less. Another common symptom refers to off-season flowering, resulting in fruits of various ages and sizes at the same time. Although all commercially important citrus species are susceptible to stubborn, the disease is rarely lethal and symptom expression is predominant under warm weather conditions such as in the southwest US, North Africa, the eastern Mediterranean Basin, and the Middle East. Citrus Stubborn disease symptoms in citrus trees S. citri spreads via leafhopper vectors (Scaphytopius nitrides, Circulifer tenellus). Many cultivated and wild plants are affected by this disease including members of the families Amaranthaceae, Apocynaceae, Chenopodiceae, Brassicaceae and Plantaginaceae. Citrange (P. trifoliate) is often asymptomatic when infected. The most effective way of Citrus Stubborn disease treatment is the control of the vector. Citrus Variegated Chlorosis (CVC) is a bacterial disease that affects citrus trees. It is caused by Xylella fastidiosa, another xanthomonad that is more restricted geographically than the one causing Citrus Canker. Symptoms first appear on the upper surface of leaves and are characterized by chlorotic lesions on young trees between nursery age and ten years. Leaves of trees 15 years and older never become completely affected and often show limited symptom expression on one branch. Over time, small, slightly raised, gummy, necrotic lesions develop on the leave’s underside, corresponding to the upper surface’s chlorotic lesions. Symptoms on fruit are not visible, but their size is greatly reduced, sugar content is increased, and the rind is hardened. Fruit clusters on branches resemble grape clusters. New leaves are also smaller than usual. Trees become stunted, show die-back on twigs, and an overall reduced canopy without completely dying. Variegated Chlorosis symptoms in citrus trees and insect vector Since this bacterium targets the xylem (water transporting vessels), all the symptoms are attributed to water stress. Most of the time, infection occurs due to insect vectors that feed on the sap of the trees. These include xylem-feeding homopteran sharpshooter leafhoppers (fam Cercopidae). Variegated Chlorosis was originally found in Brazil during the late 1980s. Since then, it has been recorded in all citrus-growing regions of Brazil, Argentina, and Costa Rica. Sweet oranges (Natal, Hamlin, Pera, Valencia) are mostly affected when propagated on the C. limonia, C. reshni, and C. volkameriana rootstocks. Mandarins are moderately resistant. Some weed species are considered reservoirs of infection (Gramineae, Solanaceae, and Compositae weed families). Black Pit is caused by the bacterium Pseudomonas syringae. It causes water-soaked or reddish-black lesions in the twigs and leaves of most citrus species. Symptoms include small light brown to black pits or larger sunken spots on the fruit, usually 5 to 20 mm in diameter. These pits increase in size during postharvest storage. Ideal conditions for the spread of this disease include prolonged cool and wet conditions and temperatures of 8-20°C. Infection occurs when the bacterium invades the tree tissues through injuries caused by wind, hail, thorns, or heavy rain. Farmers interested in cultivating citrus trees should carefully examine the area’s environmental conditions and avoid locations with increased weather variations since citruses are particularly susceptible to such conditions. The advice of local agronomists should be used in all cases. Black pit symptoms in lemons and oranges Citrus canker (CC) is a disease caused by the bacterium Xanthomonas axonopodis (syn X campestris ). This species includes three pathovars (bacterial sets of strains with the same/similar characteristics). The strain pv. citri causes the most severe and widespread disease, CC-A (Asiatic citrus canker), and has been reported in citrus cultivars in Oman, Saudi Arabia, Iran, India, southwest Asia, and Florida. Other strains of this bacterium also cause disease in lemons, Mexican limes, sour oranges, and pummelo in South America, as well as grapefruit and trifoliate oranges. Symptoms include the formation of fruit and leaf blemishes. Infested fruits show dark brown to black raised lesions. Under favorable conditions, defoliation, shoot die-back, and fruit drop can occur. This pathogenic bacterium first appears on the lower leaf surfaces, developing light-colored, pin-point lesions that become raised, tan-colored pustules over time. By that stage, the lesions are visible on the upper leaf surface and might also be surrounded by a chlorotic halo. Eventually, the lesions take a corky or spongy crater-like appearance. Their size depends on the citrus cultivar and the age of the tree, but it generally ranges between 2 and 10 mm in diameter. Similar lesions occur on twigs and fruits. entry into the plants occurs directly through the stomata on the leaves or wounds caused by thorns, blowing sand, or even the Asian citrus leaf miner, Phyllocnistis citrella . The pathogen can be dispersed up to 32 m from infected trees by wind-blown rain. Farther dispersal, up to 15 km, is associated with tropical storms and tornadoes. Close observation of the underside of the leaves is advised at regular intervals for early identification and prevention. Farmers cultivating citruses should also check for leaf miners and use biological control methods against them. Always seek the advice of local agronomists. Farmers can use the above description of the symptoms and the images for identification to take immediate action against this disease. Exclusion through ongoing inspections of nurseries and orchards Quarantine of infected trees Eradication campaigns on a local scale Plantation of non-citrus tree/shrub as a windbreak (e.g. saw pine, red cedar, eucalyptus) Leafminer biological control (during periods of flush growth) Regular application of copper sprays three times a year at 30-day intervals Citrus greening (HLB) yellow-shoot disease , is one of citrus’s most extensively studied bacterial diseases. It is caused by a prokaryote of the phylum Proteobacteria named Candidatus liberibacter . It attacks the phloem (nutrient transportation vessels of trees) of citruses. Transmission of this disease occurs via an insect vector. Citrus Greening infections caused by the heat-tolerant forms of the bacterium ( Ca . Liberibacter asiaticus & . Liberibacter americanus), are vectored by the Asian citrus psyllid ( Diaphorina citri) On the other hand, the African form of Citrus Green, is caused by . L. africanus , is a heat-sensitive form that is vectored by the African citrus psyllid ( Trioza erytreae ). Young trees exhibit symptoms, including the appearance of a yellow shoot composed of blotchy, mottled leaves, which later progress across the entire tree canopy. Young diseased trees never manage to produce fruits. Integrated-pest-management strategies Establishment of orchards with disease-free materials Scouting of citrus and non-citrus hosts for identification and removal of infected branches/trees Psyllid control programs employing insecticides or biological control agents Citrus stubborn (CSD) is a bacterial disease caused by Spiroplasma . Its mode of action is very similar to the HLB disease, showcasing spotted leaves and misshapen fruits that do not color at the stem ends. S. attacks the phloem of citrus trees, meaning that nutrient uptake is affected. S spreads via leafhopper vectors ( Scaphytopius nitrides Circulifer tenellus ). Many cultivated and wild plants are affected by this disease including members of the families Amaranthaceae, Apocynaceae, Chenopodiceae, Brassicaceae and Plantaginaceae. Citrange ( P. trifoliate ) is often asymptomatic when infected. The most effective way of Citrus Stubborn disease treatment is the control of the vector. Use of disease-free budwood Biological control of vector (leafhoppers) Citrus Variegated Chlorosis (CVC) is a bacterial disease that affects citrus trees. It is caused by Xylella fastidiosa , another xanthomonad that is more restricted geographically than the one causing Citrus Canker. Symptoms first appear on the upper surface of leaves and are characterized by chlorotic lesions on young trees between nursery age and ten years. Leaves of trees 15 years and older never become completely affected and often show limited symptom expression on one branch. Over time, small, slightly raised, gummy, necrotic lesions develop on the leave’s underside, corresponding to the upper surface’s chlorotic lesions. Symptoms on fruit are not visible, but their size is greatly reduced, sugar content is increased, and the rind is hardened. Fruit clusters on branches resemble grape clusters. New leaves are also smaller than usual. Trees become stunted, show die-back on twigs, and an overall reduced canopy without completely dying. Variegated Chlorosis was originally found in Brazil during the late 1980s. Since then, it has been recorded in all citrus-growing regions of Brazil, Argentina, and Costa Rica. Sweet oranges (Natal, Hamlin, Pera, Valencia) are mostly affected when propagated on the C limonia C. reshni C. volkameriana rootstocks. Mandarins are moderately resistant. Some weed species are considered reservoirs of infection (Gramineae, Solanaceae, and Compositae weed families). Pruning during the early stages of infection, before it becomes systemic Testing of asymptomatic ornamentals growing near the orchard Growing trees under greenhouse conditions repel sharpshooter leafhoppers Removing weed reservoirs of infection from filed Biological control of leafhopper vectors Black Pit is caused by the bacterium Pseudomonas syringae . It causes water-soaked or reddish-black lesions in the twigs and leaves of most citrus species. Symptoms include small light brown to black pits or larger sunken spots on the fruit, usually 5 to 20 mm in diameter. These pits increase in size during postharvest storage. Ideal conditions for the spread of this disease include prolonged cool and wet conditions and temperatures of 8-20°C. Infection occurs when the bacterium invades the tree tissues through injuries caused by wind, hail, thorns, or heavy rain. Farmers interested in cultivating citrus trees should carefully examine the area’s environmental conditions and avoid locations with increased weather variations since citruses are particularly susceptible to such conditions. The advice of local agronomists should be used in all cases. Aguilar E, Villalobos W, Moreira L, Rodriguez CM, Kitajima EW, Rivera C (2005) First report of Xylella fastidiosa infecting citrus in Costa Rica, Plant Disease 89, 687 Bove JM (2006) Huanglongbing: A destructive, newly-emerging, century-old disease of citrus: Journal of Plant Pathology 88, 7-37 Bove JM, Garnier M (2000) Stubborn In: Timmer LW, Garnsey Sm, Graham JH (Eds) Compendium of Citrus Diseases, American Phytopathological Society, St. Paul , MN, pp 49-50 Coletta-Filho HD, Takita MA, Targon MLPN, Machado MA (2005) Analysis of 16S Rdna sequences from citrus Huanglongbing bacteria reveal a different Ca. liberibacter strain associated with citrus disease in Sao Paulo. Plant Disease 89, 848-852 de Graca JV, Korsten L (2004) Citrus Huanglongbing: Review, presend status and fitire strategies In: Naqui SAMH (Ed) Disease of Fruits and Vegetables Diagnosis ad Management (Vol I), Kluwer Academic Publishers, The Netherlands, pp 229-245 Garnier M, Bove JM (2000) Huanglongbing (Greening) In: Timmer LW, Garnsey SM, Graham JH (Eds) Compendium of Citrus Diseases, American Phytopathological Society Press. St. Paul, MN pp 46-48 Gottwald Tr, Graham JH, 2000, Canker In: Timmer LW, Garnsey SM, Graham JH (Eds) Compendium of Citrus Diseases, American Phytopathological Society Press, St. Paul MN, pp 5-8 Growing lemons in Australia, A production Manual, Reader’s note. http://www.dpi.nsw.gov.au/agriculture/horticulture/citrus/lemon-manual https://crec.ifas.ufl.edu/research/citrus-production/disease-identification/exotic-citrus/citrus-variegated-chlorosis/ https://www.cdfa.ca.gov/citrus/pests_diseases/csd.html https://www.plantdiseases.org/bacterial-blast-and-black-pit-citrus-lemon Hung TH, Wu ML, Su HJ (2201) Identification of the Chinese box orange (Severina buxifolia) as an alternative host of the bacterium causing citrus Huanglongbing, European Journal of Plant Pathology 107, 183-189 Olson BR, Dominiak J, von Broembsen S, Berg M, Bextine BR (2008) First report of Xylella fastidiosa in Oklahoma, Plant Disease 90, 108 Sagouti T, Belabess Z, Rhallabi N, Barka EA, Tahiri A, Lahlali R. Citrus Stubborn Disease: Current Insights on an Enigmatic Problem Prevailing in Citrus Orchards. Microorganisms. 2022 Jan 14;10(1):183. doi: 10.3390/microorganisms10010183. PMID: 35056632; PMCID: PMC8779666. Sharma, Priyanka & Roy, Monish & Roy, Bidhan. (2021). A Brief Overview of Major Citrus Diseases and Pests and Its Management. 10.9734/bpi/ctas/v1/13548D. Stephen, H. Futche and Timmer L., W. 2008, A guide to citrus disease identification, Institute f food and agricultural sciences, University of Florida. Tennant et al., 2009. Global Science Books, Tree and Forestry Science and Biotechnology. Timmer LW, Gottwald TR, Zitko SE (1991) Bacterial exudation from lesions of Asiatic citrus canker and citrus bacterial spot. Plant Disease 75, 192 – 195 Zhou LJ, Gabriel DW, Duan YP, Halbert SE, Dixon WN (2007) First report of dodder transmission of Huanglongbing from naturally infected Murraya paniculate to Citrus. Plant Disease 91, 227 bacterial citrus diseases citrus diseases lemon diseases orange diseases"
https://wikifarmer.com/the-most-popular-lemon-tree-varieties/,10/19/2023 20:04,"Lemon Tree Varieties Where did the lemon tree originate from? What are the main botanical characteristics of lemon trees? What are the main cultivated varieties of lemon? Apart from the varieties, C. limon has four main hybrids which are worth mentioning. This post is also available in: Deutsch (German) हिन्दी (Hindi) The genus Citrus is one of the most important taxonomic subunits of the Rutaceae family. Lemons (Citrus limon) are one of the best-known and most-used genus species. Their scientific name is Citrus limon (L.) Burm. F. (Latin synonyms: C. x limonia, C. limonum). Research has shown that C. lemon is a hybrid that has been formed as a result of the cross of two species of the Rutaceae family; C. aurantium and C. medica. The location of the original natural habitat of the lemon is not accurately known, but it is considered native to North-Western or North-Eastern India. Lemons are a widely cultivated species. They have been cultivated in Italy since 201 – 300 AD, Iraq and Egypt since 700 AD, and Spain since 1150 after the Arabs introduced them. In 1297 Macro Polo’s expeditions brought lemon trees to China. Later, in 1493, Christopher Columbus brought lemon seeds to North America, resulting in the worldwide commercial production of C. limon in the 19th century, especially in California and Florida. Nowadays, Mexico, China, Argentina, Brazil, Spain, Turkey, and the USA play a significant role in C. limon production. However, India is the world’s largest producer, with 2.978.00 tons of lemons per year. Tree height: 2.5-3 meters Leaves: Evergreen, lanceolate Flowers: Bisexual, white with purple tinge at the edge of petals Fruit: Elongated, oval, pointed green berry that turns yellow during ripening Peel (Pericarp): Wax-covered, leathery, thick Soil: Loamy, well-drained, moist pH: Wide range Location: Mostly sunny The botanical classification of lemon species is complicated due to the frequent formation of hybrids and the introduction of numerous cultivars through cross-pollination. To obtain fruit with valuable organoleptic and industrial properties, hybrids are produced. Hybrids can provide seedless fruits, the required taste and high juiciness. Molecular techniques are needed to identify older varieties, hybrids, and cultivars. C. limon gives rise to numerous varieties, which are presented below. EUREKA [C. limon ‘Eureka’ (Eureka lemon)] Eureka lemons originated in California and Sicily. They are cultivated in the Mediterranean Basin, California, Australia, Argentina, South Africa, and Israel. The fruit is considered small, has an elliptical shape, and is oblong. Its flowers have a pink shade. The peel is of moderate thickness, and its skin is usually smooth, but wrinkles can appear. The fruit’s flesh has a greenish-yellow color and a very tender and sour taste. Ripe fruits are bright yellow. Eureka lemons are mostly seedless or contain a small number of stones. The tree is medium-vigorous, laterally branched, and thornless with sparse leaves. It is a highly productive variety with a rapid entry into fruiting. It produces fruit all year round, but the main yield occurs from late winter to early summer. On the other hand, it is a short-lived variety and very demanding in climatic conditions and soil. Eureka trees are sensitive to cold, drought, insect-caused disease, and negligence. Finally, a piece of essential information for growers – Eureka is incompatible with the rootstock of the C. aurantium tree (bitter orange or bigarade orange). LISBON [C. limon ‘Lisbon’] Lisbon lemons originated in Portugal and are mainly cultivated in California, Arizona, Australia, Uruguay, and Argentina. The fruit of this variety is medium in size, elliptical to oblong in shape, with pink flowers. It has thick skin with a rough surface and pale-yellow flesh. The branches exhibit dense foliage and carry long spines, a distinguishing characteristic of this variety. The lemons have a bright yellow color when ripe. This variety is single-bearing and mostly seedless. The tree is vigorous and upright. It is a very productive variety, especially in California. It is less demanding than the Eureka variety and particularly resistant to frost, wind, and high temperatures. However, it is a late variety meaning that lemons reach full maturation late in the season, usually after the summer; that’s why its cultivation is recommended for southern regions. GENOVA [C. limon ‘Genova’ (C. limon ‘Genoa’)] Genova lemons originated in Italy and are cultivated in California, Florida, and Chile. When ripe, the fruit is bright yellow, with a marked tip and a smooth and thin pericarp. It has an alluring appearance and takes up an ellipsoid shape with a protruding neck and nipple. The fruit is medium in size and reaches complete maturation much faster than other varieties. The tree has dense foliage, and its branches are spike-free. It tends to grow more like a shrub than a bush, meaning it spreads out more than it rises, making harvest work easy. This variety is more resistant to cold weather and frost than other lemon tree varieties. It contains few stones and has a noticeably high juice content. BERNA [C. limon ‘Berna’ – (C. limon ‘Verna’), Verma lemon] Berna lemons originated in Spain and are mostly cultivated in Morocco, Algeria, and Spain. The fruit is small with an oval to ellipsoidal shape. Its peel has a distinct granular surface and is of moderate thickness. The flesh is brightly colored, with a medium amount of sweet juice. The tree has no spines, and the leaves are long, narrow, and sparse. After ripening, the color of the fruit turns green. A promising characteristic of this variety is its ability to keep the fruits on the tree for a long time – without compromising their quality. The fruit is also resistant to transport and handling. It is a late variety, with particularly slow-growing patterns and slow onset of fruiting. However, it is very productive. Fruits from individual harvests differ in properties and are called ‘Cosecha” (main collections), ‘Secundus’ and ‘Rodrejos’. Berna lemons are considered inferior in quality. PRIMOFIORI [C. limon ‘Primofiori’ (C. limon ‘Fino’, C. limon ‘Mesero’, C. limon ‘Blanco)] Primofiori lemons originated in Spain and are mostly cultivated there, where they are considered the most important variety. Fruits are medium-sized and spherical or oval in shape, with a typical small wart at the end. The peel has a smooth rind texture, and the flesh is very juicy and acidic, containing seeds. Even though Primofiori lemons are not as big as Berna lemons, their leaves are larger, and the branches exhibit spines. The blooms have high pollen viability and intense sent. The tree size can range from medium to large, with the height of a fully matured tree rising to 16 feet. It’s a hardy tree, surviving even in slightly colder climates. This variety is very productive and one of the earliest in production; it’s also a relatively newer variety, more acidic. FEMMINELLO [C. limon ‘Femminello’, C. limon L. Burm.f.] Femminello lemons originated in Italy and are cultivated only in their place of origin for commercial purposes. The medium-sized fruits are elliptical to oblong with a neck that varies from short to long and a nipple that ranges from short and blunt to long and tapered, depending upon the selection. The rind is medium thick, finely pitted with sunken oil glands, and yellow at full maturity. The flesh is pale greenish-yellow, low-seeded to seedless, juicy, and very acidic. Femminello lemon types are the most important lemon group in Italy. They grow vigorously and are of moderate size at maturity. The trees tend to have few spines. It’s a very productive and everbearing variety. The Yuma Ponderosa variety is the most suitable rootstock for Femminello trees. In Italy, Femminello lemon trees are culturally managed to produce four crops per year. The autumn crop is called Primofiori, the winter to spring crop is called Limoni, the spring is called Bianchetti, and the summer crop is called Verdelli. There are several named selections within the Femminello group, and the primary seasons and fruit characteristics vary with the selection. VILLAFRANCA [C. limon ‘Villafranca’] Villafranca lemons originated in Sicily and are cultivated commercially in Florida, Israel, and North-West Argentina. The fruit is yellow with vague green stripes, while the pulp and the juice have a light pink shade. The flesh is juicy and contains more seeds than the Eureka variety. The tree is very vigorous and needs at least 6-8 hours of sunlight per day and moderate watering for optimal yields. INTERDONATO [C. limon ‘Interdonato’] Interdonato lemons originated in Italy, which is the main location of their cultivation. The fruit is large with an elongated or cylindrical shape. It has a short neck with a developed nipple. The peel’s surface is very smooth, and the peel has medium thickness. The flesh is slightly more bitter than other varieties and has a vibrant green-yellow color. Its foliage is moderately dense, with large leaves that resemble those of citron. It is a particularly vigorous tree, quite productive, and an early variety. It is the earliest of the Italian varieties. Its fruits ripen during September-October. This variety has no spines and a few seeds; it produces lemons mainly in autumn and spring. Finally, Interdonato is considered resistant to Mal secco (Phoma tracheiphila). BEARSS [C. limon ‘Bearss’ (C. limon ‘Sicilian’), Bearss lemon] Bearss lemons originated in Florida and are mostly cultivated in Florida and Brazil. Its fruit measures roughly 3-4 inches across and resembles the Lisbon lemons. The fruit also has fewer seeds in comparison to other varieties. The flowers are aromatic, and the flesh has a high juice content. The tree grows up to 20, shows vigorous growth, and has thornless branches. This variety is very productive, and its fruits grow particularly fast. However, it should be taken into consideration that Bearss lemons are sensitive to low temperatures. They grow better in semitropical regions; however, they can also survive colder climates with special care. MONACHELLO [C. limon ‘Monachello’] Monachello lemons originated in Italy and are mostly cultivated there. They are native to the island of Sicily, where they are cultivated around the base of Mount Etna, an active volcano. The fruit is medium to large with an elongated, elliptical, to oval shape. They have a bulbous center, tapering towards both ends. The fruit’s surface matures from green to bright yellow and is smooth and thin, covered in large sunken oil glands giving the peel a textured, dimpled feel. Underneath the surface, the spongy, white pith can be semi-thin to thick. The flesh has low acidity and a sweet flavor, and the amount of juice is generally small compared to other Italian lemons and is either found seedless or contains cream-colored seeds. Monachello lemons are highly fragrant and release aromatic essential oils. The plant is remontant, slow growing, and compact. It has a spreading growth habit, and numerous pendulous branches with short internodes, resulting in a very thick canopy. The lemons are not very evenly distributed on the tree and are less acidic than the Femminello Comune variety. The preferred rootstock of this variety is the Yuma Ponderosa lemon tree. Recently, it has become increasingly popular with citrus growers due to its high resistance to the Mal secco disease. SANTA TERESA [C. limon ‘Santa Teresa’ (C. limon ‘Feminello Santa Teresa’, C. limon ‘Italian’)] Santa Teresa lemons originated in Italy and are cultivated in Italy, North-West Argentina, and Turkey. This relatively new Italian variety of Femminello Ovale is considered promising due to its greater resistance to Mal secco than other varieties. The first tree was discovered in a Femminello orchard that had been nearly destroyed by the disease. The variety is planted in locations where the disease is severe. The fruit is small to medium-sized. The flesh has a sour taste but also a hint of sweetness. For this reason, it is preferred for the preparation of Limoncello. Its rind is of medium thickness with a large amount of essential oils. As a tree, it is vigorous, upright with dense foliage and large, thick leaves. It is a late variety with high productivity. Apart from being disease resistant, it is also resistant to storage and transportation. It is recommended only for warm, frost-free areas. VARIEGATA [C. limon var. Variegata (C. limon’ Eureka’ var. Variegated, Pink-fleshed lemon)] Variegata lemons originated in California, the main location of their cultivation. They were established due to the intrinsic mutation of C. limon ‘Eureka’ in 1931. The pulp and the juice have a pink shade. The fruits are yellow with green stripes and variegated leaves. The green stripes fade with ripening. The tree rises up to 10 to 15 feet and spreads out to a width ranging from 11 to 15 feet. It is characterized by curious multicolored leaf patterns. The tree branches have thorns, and the fruit is widely spaced on them. Variegated pink lemons are considered popular for their ornamental value, sweetness, and juice content. The tree is also a favorite to most home gardeners for its beautiful foliage, hardiness, and low-maintenance nature. LEMONIME lemon hybrids originated from the species C. limon and C. aurantifolia. The fruits are larger than limes. LUMIA lemon hybrids originated from C. maxima and C. medica, which were then hybridized with C. limon. The fruit resembles a pear, and it can grow to large sizes. PONDEROSA lemon hybrids originated from the species C. limon and C. medica. The fruit has a shape similar to a pear and a very thick pericarp. VOLKAMER lemon hybrids originated from the species C. limon and C. aurantium. The fruits are much smaller than C. limon varieties; they have a few seeds and a thick, rough, light reddish pericarp. Their flesh has a yellow-red shade. This hybrid is resistant to many diseases. In conclusion, understanding the diverse lemon tree varieties available can greatly benefit farmers in their cultivation endeavors. By considering the specific climate and environmental conditions, farmers can select the most suitable lemon variety for their region. For warm and tropical climates, varieties such as Eureka, Lisbon, and Villafranca are recommended due to their adaptability and high productivity. Meyer and Genoa lemons thrive in milder or cooler climates, offering sweeter flavors and aromatic qualities. Additionally, factors like soil type, disease resistance, and intended use should also be considered when choosing a lemon variety. Farmers can optimize their yields, enhance crop quality, and ultimately reap the rewards of successful lemon cultivation by carefully selecting the appropriate lemon tree variety. Klimek-Szczykutowicz, M., Szopa, A., & Ekiert, H. (2020). Citrus limon (Lemon) Phenomenon—A Review of the Chemistry, Pharmacological Properties, Applications in the Modern Pharmaceutical, Food, and Cosmetics Industries, and Biotechnological Studies. Plants, 119 (9); doi:10.3390/plants9010119 Zhu, Z. et al. (2023). Quantitative metabolomic analysis reveals the fractionation of active compounds during lemon fruit juicing. Food Research International, 169; https://doi.org/10.1016/j.foodres.2023.112829. Smith, J., Johnson, A., & Davis, B. (2023). The effects of temperature on plant growth. Journal of Botanical Studies, 45(2), 123-137. Wagner, Y. et al. (2021). Rapid stomatal response in lemon saves trees and their fruit yields under summer desiccation, but fails under recurring droughts. Agricultural and Forest Meteorology. 307 https://doi.org/10.1016/j.agrformet.2021.108487. The genus Citrus is one of the most important taxonomic subunits of the Rutaceae family. Lemons ( Citrus limon) are one of the best-known and most-used genus species. Their scientific name is (L.) Burm. F. (Latin synonyms: C. x limonia, C. limonum ). Research has shown that C. lemon is a hybrid that has been formed as a result of the cross of two species of the Rutaceae family; C. aurantium C. medica Lemons are a widely cultivated species. They have been cultivated in Italy since 201 – 300 AD, Iraq and Egypt since 700 AD, and Spain since 1150 after the Arabs introduced them. In 1297 Macro Polo’s expeditions brought lemon trees to China. Later, in 1493, Christopher Columbus brought lemon seeds to North America, resulting in the worldwide commercial production of C. limon in the 19th century, especially in California and Florida. Nowadays, Mexico, China, Argentina, Brazil, Spain, Turkey, and the USA play a significant role in production. However, India is the world’s largest producer, with 2.978.00 tons of lemons per year. Tree height: 2.5-3 meters Leaves: Evergreen, lanceolate : Bisexual, white with purple tinge at the edge of petals Fruit Peel (Pericarp): Wax-covered, leathery, thick Soil : Loamy, well-drained, moist pH : Wide range Location : Mostly sunny The botanical classification of lemon species is complicated due to the frequent formation of hybrids and the introduction of numerous cultivars through cross-pollination. To obtain fruit with valuable organoleptic and industrial properties, hybrids are produced. Hybrids can provide seedless fruits, the required taste and high juiciness. Molecular techniques are needed to identify older varieties, hybrids, and cultivars. gives rise to numerous varieties, which are presented below. EUREKA [ ‘Eureka’ (Eureka lemon)] Eureka lemons originated in California and Sicily. They are cultivated in the Mediterranean Basin, California, Australia, Argentina, South Africa, and Israel. The fruit is considered small, has an elliptical shape, and is oblong. Its flowers have a pink shade. The peel is of moderate thickness, and its skin is usually smooth, but wrinkles can appear. The fruit’s flesh has a greenish-yellow color and a very tender and sour taste. Ripe fruits are bright yellow. Eureka lemons are mostly seedless or contain a small number of stones. The tree is medium-vigorous, laterally branched, and thornless with sparse leaves. It is a highly productive variety with a rapid entry into fruiting. It produces fruit all year round, but the main yield occurs from late winter to early summer. Finally, a piece of essential information for growers – Eureka is incompatible with the rootstock of the tree (bitter orange or bigarade orange). LISBON ‘Lisbon’] GENOVA ‘Genova’ ( ‘Genoa’)] BERNA ‘Berna’ – ( ‘Verna’), Verma lemon] PRIMOFIORI ‘Primofiori’ ( ‘Fino’, ‘Mesero’, ‘Blanco)] FEMMINELLO ‘Femminello’, L. Burm.f.] VILLAFRANCA ‘Villafranca’] INTERDONATO ‘Interdonato’] resemble those of citron. It is a particularly vigorous tree, quite productive, and an early variety. It is the earliest of the Italian varieties. Its fruits ripen during September-October. This variety has no spines and a few seeds; it produces lemons mainly in autumn and spring. Finally, Interdonato is considered resistant to Mal secco ( Phoma tracheiphila BEARSS ‘Bearss’ ( ‘Sicilian’), Bearss lemon] MONACHELLO ‘Monachello’] SANTA TERESA ‘Santa Teresa’ ( ‘Feminello Santa Teresa’, ‘Italian’)] VARIEGATA var. Variegata ( C. limon’ Eureka’ var. Variegated, Pink-fleshed lemon)] Variegata lemons originated in California, the main location of their cultivation. They were established due to the intrinsic mutation of ‘Eureka’ in 1931. The pulp and the juice have a pink shade. The fruits are yellow with green stripes and variegated leaves. The green stripes fade with ripening. The tree rises up to 10 to 15 feet and spreads out to a width ranging from 11 to 15 feet. It is characterized by curious multicolored leaf patterns. The tree branches have thorns, and the fruit is widely spaced on them. Variegated pink lemons are considered popular for their ornamental value, sweetness, and juice content. The tree is also a favorite to most home gardeners for its beautiful foliage, hardiness, and low-maintenance nature. Apart from the varieties, has four main hybrids which are worth mentioning. LEMONIME lemon hybrids originated from the species C. aurantifolia . The fruits are larger than limes. LUMIA lemon hybrids originated from C. maxima , which were then hybridized with . The fruit resembles a pear, and it can grow to large sizes. PONDEROSA . The fruit has a shape similar to a pear and a very thick pericarp. VOLKAMER . The fruits are much smaller than varieties; they have a few seeds and a thick, rough, light reddish pericarp. Their flesh has a yellow-red shade. This hybrid is resistant to many diseases. lemon balm lemon tree lemon tree varieties"
https://wikifarmer.com/how-to-grow-cabbage-cabbage-complete-growing-guide-from-seeding-to-harvesting/,10/19/2023 20:04,"How to grow Cabbage – Cabbage Complete Growing Guide from Seeding to Harvesting Summary of Cabbage Growing Guide Cabbage Soil Requirements Cabbage Water Requirements Cabbage Planting and Spacing. How to grow healthy and thriving Cabbage Fertilizer Requirements in Cabbage Crops Cabbage Harvesting Cabbage Yield per Hectare In a few words, most cabbage growers start the plants from seed in an indoor protected environment (nursery). The period from indoor sowing until transplanting ranges from 18 to 38 days. Then, they transplant the young seedlings in a fertile well-plowed field that is free from weeds. They plant the seedlings in rows so that the plants will have proper spacing and aeration. In most cases, drip irrigation and fertigation are applied (fertilization through water-soluble fertilizers that are injected in the irrigation system). In most varieties, cabbages are ready to be harvested from 75 to 88 days after transplanting. Harvesting can be performed either manually or mechanically. Cabbage is a plant that thrives in nutrient-rich, well-drained soil. It also needs a sunny location. It is essential to perform a proper field preparation before planting the seeds or transplanting the young seedlings. Experienced farmers report that it is helpful to till the soil and apply compost or well-rotted manure before transplanting or direct seeding. In most cases, cabbage prefers fertile soil with a pH ranging from 6 to 6,8. The most common way to have thriving plants and good quality yields is keeping the soil constantly moist. Growers shall perform a soil analysis before planting. It is recommended to consult a local licensed agronomist in order to form a rational field preparation plan. In most cases, drip irrigation and fertigation are applied (fertilization through water-soluble fertilizers that are injected in the irrigation system). Cabbage needs a sufficient amount of water in order to produce its leafy heads. It is important to keep the soil moist but not soggy. We should be careful not to excessively irrigate our crops because plants cannot tolerate waterlogged soil. Cabbage needs regular, consistent irrigation to develop properly, form firm heads and produce high-quality leaves. When growing cabbage in the field, we can use sprinkler or drip irrigation systems. In order to keep the soil constantly moist, farmers may apply a thin layer of mulch to the ground (ask your local licensed agronomist). Even though cabbage is a frost tolerant plant, it can be severely affected during spring frosts. Injured plants will produce undeveloped heads, low-quality leaves and generally product of low quality and quantity. We should focus on planting cabbage seeds in the appropriate time window, depending on when we want to harvest them. Farmers first sow summer cabbage, during mid-spring. Then, they sow autumn-winter types in late spring. Finally, spring cabbages are sown in the last days of summer and farmers harvest them the second year. We can plant our cabbage seeds indoors in seedbeds or pots 6 to 8 weeks before the last spring frost. In most cases, the proper temperature to grow cabbage is 55-75 °F degrees (12-23 °C). We must regularly water our plants until they develop 3 to 4 leaves. Plants are ready to be transplanted 18-38 days after sowing. When plants develop 3 leaves and become 10-13 cm (4 to 5 inches) tall, we may transplant them in a preferred location. Experienced farmers state that they often transplant cabbage on a cloudy day, in order to avoid plant’s sudden exposure to intense sunlight. No matter what growing methods we use, regular irrigation is always required. As mentioned before, keeping the soil moist is the key to well developed and healthy plants. It is essential to perform a soil analysis before any fertilizer application. The safest way is to know the exact nutrient profile of the soil. Cabbage needs nutrient-rich soil in order to grow and maximize production and yields. Some cabbage farmers apply a well-rotted manure and plow the soil two weeks before planting. They also report that they can add fertilizer to the young seedlings about two weeks or three weeks after transplant. It is important to let cabbage plants grown in height before any fertilizer application. In most cases, drip irrigation and fertigation are applied (fertilization through fertilizers that are injected in the irrigation system). Alternatively, soil application is used. In general, experienced farmers suggest a well-balanced fertilizer, consisting of essential nutrients, such as nitrogen (N), potassium (K) and phosphorus (P), in the form of granules. We may apply these fertilizers such as N-P-K 10-10-10 or 10-3-3. We can add the granular fertilizers directly to the soil surface and irrigate. It is crucial that the granules don’t come in touch with the young plants, because there is a risk of burning them. Throughout its growing season, cabbage is susceptible to several types of pests and diseases. It is a plant that attracts a lot of pests. It is necessary to know our crop enemies and form an environmentally friendly approach in order to tackle them. We can seek advice from a local licensed professional for proper control of cabbage pests and diseases. The most common cabbage pests and diseases are listed below. Disease As a general rule, the period from sowing until transplanting ranges from 18 to 38 days. In most varieties, cabbages are ready to be harvested from 75 to 88 days after transplanting. There are very early varieties that can be harvested 55 days from transplanting. Some late varieties mature about 95-105 days after transplanting. The time that we shall harvest our cabbage plants depends on different varieties. There are some varieties that need to stay in the field a couple more weeks after they form a solid and firm head. On the contrary, some varieties need to be harvested immediately after they reach maturity. Important things about Cabbage Harvesting: The average cabbage yield per hectare is 30-70 tons. (Keep in mind that 1 ton = 1000 kg = 2200 lbs. and 1 hectare = 2,47 acres = 10.000 square meters). There are cases in which farmers reported a yield of 80 tons per hectare or more. Of course, such high yields can be accomplished by experienced farmers after several years of practice. Check Out Cabbage Wholesale Market. cabbage"
https://wikifarmer.com/cabbage-information-nutrition-and-health-benefits/,10/19/2023 20:04,"Cabbage Information, Nutrition and Health Benefits Cabbage Nutrient Values and Weights Cabbage is a widely known commodity, estimated to be originated in Europe. However, in late centuries, cabbage production became popular around the world. Nowadays, it mainly grows in Asia and secondly in Europe. The Top 5 cabbage producing countries are the following: Cabbage weight can range from 0,4kg to over 50kg (0,88 to 110 lbs.). Most mature cabbages weight from 0,5 to 1,5 kg (1,1 to 3,3 lbs.). The average large cabbage head weighs 1,1 kg (2,4 lbs), the medium head normally weighs 0,9 kg (2 lbs) and the small head normally weighs about 0,8 kg (1,7 lbs). We can consume cabbage as fresh or include it in salads, soups, and sandwiches. People can also cook cabbage by steaming. Cabbage is a nutrient-rich and exceptionally healthy food, with a high concentration in water (more than 92%). Leafy vegetables, such as cabbage, provide the human body with essential nutrients that boost our immune system and help us remain healthy. It is highly recommended for athletes and people who want to lose weight, as it is a low calorie food. According to the USDA, 100 grammars of cabbage contain just 23 kcal. Cabbage can offer us proteins, minerals, iron and be a great source of vitamins (vitamin K, vitamin C, etc.). According to the USDA, 100g of raw cabbage contains; Benefits Cabbage has been reported as one of the healthiest foods in the world. It is a beneficial food that not only provides us with nutrients but also helps us remain healthy. Some of the most important cabbage health benefits:"
https://wikifarmer.com/category/trees/lemon-tree/,10/19/2023 20:04,Lemon tree
https://wikifarmer.com/cabbage-plant-wiki-info-uses/,10/19/2023 20:04,"Cabbage Plant Wiki – Info & Uses Cabbage (Brassica oleracea var. capitata) is a biennial leafy vegetable that usually grows as an annual plant unless we want to collect its seeds. It is a well-known vegetable, mostly used in various salads. It is one of the most common salad ingredients in many parts of the world. In some cases, raw cabbage can be used to make juice. Cabbage heart, which is also called a head, can be conical or rounded. It is recognized by its colorful leaves, with dark green, light green, red or purple being the most common among them. The colour usually depends on the variety of cabbage that we decided to grow. Some types have tender and smooth leaves, while others have wrinkled leaves. We usually divide cabbage into different types according to the period that we plan to harvest them. Cabbage is a resilient vegetable that generally prefers cool weather. In most cases, the ideal temperature is between 45 and 75 °F degrees (7-23 °C). It is a frost-tolerant plant and can survive in temperatures as low as 20 °F degrees (-6 °C). In regions with cool summers, we can start seeding our plants in the last days of spring for a fall harvest. In cool climates, with a mild winter, we can plant cabbage during summer in order to harvest it in winter or spring. Cabbage matures in 80 to 180 days from seeding to harvesting. However, this depends on the variety that we grow and the time of the year we choose to plant it. The cabbage plant consists of the roots, stems, leaves and flowers. Its leaves develop in layers. They grow very close to one another, and altogether they altogether consist a ball or head. In the first year, the plant has a height of 40-60cm (15-23 inches) when it reaches maturity. In its second year, the flower stem can reach a height of 2m (6,5 ft.) while in the flowering stage. Cabbage Bulk Prices for Sale"
https://wikifarmer.com/market/en/vegetables/herbs-spices-and-leafy-vegetables/,10/19/2023 20:04,"FRESH HERBS, SPICES AND LEAFY VEGETABLES Fresh Spearmint 100 grams bunch BIO coriander 1 bunch BIO Crithmum maritimum 1 bunch Fresh Sperarmint in a 50g box Thymus Mastichina Cinnamon stick, 1kg WILD PEPPER from Madagascar ""VOATSIPERIFERY"", 1kg Green Cardamom (elaichi) 8mm Bold Whole - 1 Kgs cardamom 1kg Gourmet vanilla from Madagascar 1kg Saffron 1 kg saffron stigmas Saffron stigmas Yellow chard bunches 1 kilo Baby Spinach - different formats available Red Mustard - different formats available Parsley Organic Oregano Gourmet Vanilla Beans 10 Kg. Grounded Vanilla Beans 20 Kg. Premium Grounded Vanilla Beans 20 Kg. Vanilla Caviar/seeds 5 Kg. Extraction Vanilla Beans 90 Kg. Bio Parsley 1 bunch Organic Parsley 1 bunch BIO Spearmint 1 bunch PREMIUM Cinnamon Powder Micro-coriander - 30g Pure saffron 1g Portugal Italy (8) Spain (6) France (5) Morocco (3) Organic (10) On Discount (14) -24% 0.1kg - €6.50 / kg Kalamata, Greece 100g - €9.00 / kg 556 Pieces 0.1kg - €9.00 / kg €0.80 0.05kg - €16.00 / kg 625 PiecesMinimum 625 Pieces €25.00 1kg - €25.00 / kg Reguengos de Monsaraz, Portugal Clermont, France €45.00 12 Pieces -33% €47.02 1kg - €47.02 / kg 11 PiecesMinimum 11 Pieces Tiruppur, India €60.00 1kg - €60.00 / kg 9 Pieces €270.00 1kg - €270.00 / kg 2 Pieces €3900.00 1kg - €3900.00 / kg 1 PieceMinimum 1 Piece Taroudant, Morocco -11% €40.00 1g - €40000.00 / kg 13 Pieces San Vito dei Normanni, Italy 0.5g - €40000.00 / kg 0.3g - €50000.00 / kg 0.1g - €60000.00 / kg Ask for a Price 1kg Guadalmez, Spain Battipaglia, Italy 400kg 5 Pieces Sidi el Aidi, Settat Morocco, Morocco Serbia, Greece 50g 10kg Madrid, Spain 20kg 5kg 90kg 100g - €5.00 / kg €0.55 0.1kg - €5.50 / kg 910 Pieces €2.24 50g - €44.80 / kg €8.70 1g - €8700.00 / kg Marrakech, Morocco"
https://wikifarmer.com/sweet-potato-yield-harvest-curing-and-storage/,10/19/2023 20:04,"How much do sweet potatoes yield per hectare and acre? When and how to harvest sweet potatoes How to cure and store sweet potatoes Sweet potatoes are generally tolerant to drought and have a light to moderate need for nutrients (fertilization). However, plants react very well when both water and nutrients are in sufficient quantities, maximizing development and production. For this reason, in a field where a farmer can adopt best practices (from soil preparation to pest control), the crop can yield 11,400-25,000 kg or even 40,000 kg per hectare (10,2-22,300 or even 35,700 lb per acre). This number varies depending on the sweet potato variety, the planting distances, the soil and cultivation practices, etc. Each plant may produce approximately 3-5 sweet potatoes. Sweet potato’s maturity time varies depending mainly on the environmental conditions, the soil type, the cultivated variety, the age of the transplants, and the growing techniques. Generally, there is not a strictly defined moment for harvesting, and farmers must take into account the quality characteristics of the tubers and the risk of damage or disease (pathogens, pests, frost, etc.). Digging and harvesting some sample plants during the last development; stages of the plants may help the farmers make a more informed decision. Most growers use as indicators the followings: Almost two weeks before harvesting, farmers stop the irrigation. Then, they remove the vines by using swinging pulverizers. They do this to thicken the skin of the potatoes and protect them during transportation. A week after, they remove or dig the upper part of the plants (vines) using mechanical measures. It is crucial to avoid chopping on the top of the raised mounds to prevent potato injuries. The foliar parts are used as animal feed. Harvesting sweet potatoes is usually a very laborious procedure. In many cases, flip plows or a tractor-drawn platform with a digger chain are used to flip or/and lift the sweet potatoes from the ground. Workers pass by to collect them manually from the ground. It is essential not to leave the sweet potatoes exposed to the sunlight for long periods (1.5 hours max to avoid sunburns). To avoid any damage, the roots must be treated with caution. After harvesting, producers transfer the potatoes directly to the market or store them. While it is not standard commercial practice, curing freshly harvested sweet potatoes can protect their quality (reduce storage losses), especially when the product will be stored for longer. This process usually lasts 4 to 7 days and involves controlling temperatures (air treatment, 26-32 °C or 79-90 °F), relative humidity (85-90%), and good ventilation. The reason is that under these conditions, wounds that may occur during the harvesting heal by developing a protective layer of cork and suberin deposits on their surface. Furthermore, data showed that curing might also improve sweet potatoes’ aroma, texture, and taste (by converting starch to sugars). After curing them, the producers store the potatoes in dark rooms, with temperatures between 10-15 °C (50-60 °F) and 80-90% relative humidity for several months until they transfer them to the market. More specifically, properly curred roots can be stored in such conditions for up to 1 year with 15-25% losses. When that time comes, and the sweet potatoes must be transferred to the market, producers clean them using special washing machines and dry them. Finally, they divide them into categories depending on their size and quality. 80-130 days have passed from planting The tops of the plants become yellow and die back. A specific percentage of the tubers is larger than 3.5 inches (9 cm). Depending on the production country and the market requirements, this percentage may range from 30 to 75%. More specifically, in the USA, 65-75% of potatoes should be between 3.5-9 in (9-23 cm). Alternatively, the sweet potatoes may weigh 250 gr (0.55 lb) to 1 kg (2.2 lb). Moreover, sweet potatoes should be firm, fairly clean, well-shaped, healthy, and without damage. The drop in soil temperature. Cool soil may reduce the quality and storability of sweet potatoes. As a result, harvesting them before the first frost is essential. The juice from a cut of the sweet potato does not become black quickly. After harvesting, producers transfer the potatoes directly to the market or store them. While it is not standard commercial practice, curing freshly harvested sweet potatoes can protect their quality (reduce storage losses), especially when the product will be stored for longer. This process usually lasts 4 to 7 days and involves controlling temperatures (air treatment, 26-32 ° C or 79-90 F), relative humidity (85-90%), and good ventilation. The reason is that under these conditions, wounds that may occur during the harvesting heal by developing a protective layer of cork and suberin deposits on their surface. Furthermore, data showed that curing might also improve sweet potatoes’ aroma, texture, and taste (by converting starch to sugars). https://ipm.missouri.edu/MPG/2020/9/sweetPotato-RA/ https://hgic.clemson.edu/factsheet/sweet-potato/ https://www.ams.usda.gov/ sweet potato harvest sweet potato storage sweet potato yield"
https://wikifarmer.com/sweet-potato-soil-requirements-soil-preparation-and-planting/,10/19/2023 20:04,"Soil Requirements and Preparation for Sweet Potato Growing Where to plant sweet potatoes Sweet Potato Planting and Plant spacing Sweet potatoes generally have similar soil requirements to other vegetable crops. The plants thrive in sandy to loamy, moderately deep soils with proper aeration and drainage. Fields with high clay content, fine loams, and high water tables should be avoided. Sweet potatoes are sensitive to excess moisture and water-soaked conditions. The plant can tolerate a wide range of pH levels from 5 to 7. However, the optimum levels are around 6. To define all these, farmers are advised to perform a soil analysis before planting their crops. The necessary soil preparation starts 1-2 months before transplanting sweet potato slips. Farmers remove or incorporate any previous crop residues and weeds and plow well at that time. Plowing improves soil aeration and drainage. At the same time, plowing removes rocks and other undesirable materials from the soil. After a few days, and if the soil has proper humidity levels, they till the land. It is essential to leave the soil finely tilled without any big combined lump to avoid problems on cultivars’ roots. Limestone or dolomite may need to be applied (broadcasted) based on the soil analysis results. Remember that 240 kg (or 530 lb) of lime and 400 kg (or 880 lb) of dolomite are needed to raise the soil pH by 0.1 unit. In case the field has an extended problem, especially with persistent perennial weeds, many farmers apply a pre-emergence herbicide, always after consulting your local licensed agronomist. A week later, many farmers apply a basal fertilizer such as well-rotted manure or synthetic commercial fertilizer (5-20-20 or 6-9-15 N-P-K). They apply everything after examination or their soil test results, and always after consulting a local licensed agronomist. Most farmers integrate the fertilizers on the same day, using tillage tractors. Some producers prefer to apply them only across the planting rows, while others apply them on the entire field. In case drip irrigation is used, some farmers prefer to combine the first watering and fertilization with fertigation (a solution of 10-34-0 N-P-K). Producers traditionally grow sweet potatoes on hills, raised mounds, and ridges (banks). They create hills 30-60 cm (12-23 in) high and 40 cm (16 in) wide to keep the developing roots covered under the hills. Usually, the distance between the hills is around 60-90 cm (2-3 ft). Keep in mind that if mechanical harvest is used, the hill distances should be matched to the width of the digger tractor-mouth. Furthermore, a roadway should be formed every 6 rows to allow machines to pass through the field (for agrochemical applications). If soil analysis has revealed soil infection problems, some farmers apply soil disinfection substances through the irrigation system (ask a licensed agronomist in your area). The next and most crucial step (especially in countries with non-optimum soil temperature during the planting period) is mulching with linear polyethylene coating or organic/natural mulches. Many producers cover the rows with black or green Infrared – Transmitting (IRT) or black plastic film. They use this technique to maintain the root zone temperature at optimum levels (21-27 °C or 70-80 °F) and prevent weeds’ growth. These conditions may allow earlier planting of the crop, but the plastic mulch should be removed when the temperature rises. The planting time highly depends on the location and local environmental conditions. Remember that sweet potato is very sensitive to frost and need around 4-5 months of warm temperatures to yield high. As a result, farmers of the southern hemisphere in areas with heavy frost may transplant the sweet potato slips-cutting from mid-November to early December. On the other hand, if there is no frost danger, the best period for transplanting is from January to March. By selecting the first growing period, they eventually harvest from April until May. By choosing the second growing period, they elongate the harvest period and harvest until winter. Time depends on the storing conditions and the intensity of the light. Sweet potato vine tip cutting (or slips) remain in seedbeds for 1-2 months before transplanting in their final positions. Larger cutting usually gives higher yields, but farmers prefer slips of 20-25 cm (8-10 inches) with approximately 5-8 nodes and a sufficient number of leaves for transplanting. After all the preparation steps, the grower begins transplanting the plantlets. Growers label the exact points where they will plant the young plants on the hills, which sometimes are covered by polyethylene mulch. They then dig holes and plant the slips. They plant them at a 30-40º angle. This angle promotes proper root growth. Growers cover half of the cutting or 3 to 5 nodes (around 4-5 cm or 1.2-1.5 in of the cutting should remain above ground). Planting can be done either manually or mechanically using mechanical planters. The sweet potato farmer buries a bit more than half of the cutting’s nodes. Avoid planting them too deeply because harvesting will become more difficult. Usually, more than 1 cutting is placed in each position. A pattern many growers suggest for sweet potato planting is to keep: a 30 cm to 50 cm (12-20 inches) distance between the plants on the row and a 0.7 m to 1.5 m (2.3-5ft) distance between rows. Usually, a planting depth of 10 cm (4 in) is used. Following these patterns, we will plant approximately 30,000-60,000 slips per hectare or 12,200-24,300 slips per acre. The distances and the number of slips depend on the sweet potato variety, environmental conditions, the irrigation system, and of course, the yield goals of the producer. https://agriculture.gov.tt/wp-content/uploads/2019/12/Sweet-Potato-Production.pdf https://www.uq.edu.au/_School_Science_Lessons/SPotProj.html https://www.colegiobolivar.edu.co/garden/wp-content/uploads/2017/06/NBleske-Ipomoea-batatas-2017.pdf planting sweet potato sweet potato soil requirements"
https://wikifarmer.com/how-to-produce-sweet-potato-slips/,10/19/2023 20:04,"Sweet potato Propagation and Planting Material Many farmers prefer to grow their own sweet potato slips (vine cuttings) by following specific procedures. The reasons they choose this method are several. For example, if they had excellent quality potatoes the previous year, they may want to reproduce it. Besides, they may want to save costs by buying slips from a legitimate nursery or find the procedure amusing. In any case, we will try to help anyone succeed as much as possible. First, you shall have in mind that this method may turn risky. For example, in the case of infected roots, your plants will also be infected. Supposing you still want to avoid all the dangers, the best period to start with your slips is 1-3 months before planting time. At this period, you shall choose beautiful, well-shaped, disease and injuries-free, medium-sized potatoes to begin. Keep in mind that from each potato, you may produce up to 12 slips; thus, depending on the number of plants you want to plant, you should choose the number of potatoes you will use. In general, 330 cuttings are needed to plant a 100 m (3.3 ft) row. Tip cuttings of 30-40 cm (12-16 in) long with around 5-8 nodes are preferred. Amateur growers or small-scale farmers leave the cuttings in protected areas covered with a special fabric to promote nodal rooting. Many producers prefer traditional methods. For example, they bury the tubers under moist sand for 1-2 months until they develop their slips. However, nowadays, professionals have special seedbed rooms (cold frames or heated beds). Except in zones 9-11, the production of slips cannot take place in an open field due to the low temperatures that may occur and destroy them. Using sensors can check and maintain optimum levels of 18-21 °C (65-70 °F) temperature, 80-90% relative humidity, and plenty of lighting for maximum success. Once the potatoes have developed sprouts of 20-33 cm (8-12 in), they are ready for transplanting into their final positions. Sweet Potatoes in Bulk Wholesale Prices https://extension.umd.edu/resource/growing-sweet-potatoes-home-garden https://extension.uga.edu/publications/detail.html?number=B1489 https://www.nda.agric.za/docs/Brochures/PG_SweetPotato.pdf https://extension.okstate.edu/fact-sheets/sweet-potato-production.html http://extension.msstate.edu/publications/growing-sweet-potatoes-home sweet potato propagation sweet potato slips"
https://wikifarmer.com/sweet-potato-nutrition-and-health-benefits/,10/19/2023 20:04,"Sweet Potatoes Amazing Health Benefits Are sweet potatoes good for you? Sweet Potato cultivation guide: This post is also available in: Deutsch (German) हिन्दी (Hindi) Ελληνικά (Greek) The plant originated in Central America. During the Spanish colonial period, sweet potatoes were spread in the Philippines, and since 1604 they were already known in Japan and Europe. In Asia, sweet potatoes are mainly used for producing alcoholic beverages and animal feed and much less for human consumption. This contrasts the other areas where sweet potato is mainly used for human consumption (raw, cooked, for the production of pasta, candy, flour, etc.) and secondarily for animal feed. Except for these storage roots, both the vines and leaves are edible. The crop is the 7th prominent food crop globally and for a good reason. Sweet potato contains a wide variety of nutrients, like vitamins A and C, potassium, and iron, that are beneficial for human health making it one of the healthiest vegetables. People who consume on a regular basis sweet potatoes can be benefited because However, as with any other food, sweet potatoes shall be consumed in reasonable quantities (since they have a high glycemic index/load) and only as part of a balanced diet. According to the USDA, 100 gr of cooked sweet potato contains: In addition, varieties with deep orange skin and flesh color are the richest in antioxidant substances like Beta- carotene, while the purple varieties are richer in anthocyanins. One sweet potato contains the same amount of vitamin A as 23 cups of broccoli. Blood Pressure According to scientists, a diet high in potassium and low in sodium can balance the blood pressure levels of people who suffer from hypertension. Sweet potatoes are a source of potassium, contributing to this procedure. Red, orange, and purple sweet potatoes are sources of magnificent substances known for their great benefits to our organisms. According to Harvard Medical School’s Harvard Health Publications, sweet potatoes of the referred color contain antioxidants such as beta-carotene and anthocyanins, which can reduce the possibility of the development of specific types of cancer. Fertility According to Harvard Medical School’s Harvard Health Publications, women increase their fertility after following a diet rich in iron. Sweet potatoes are a source of iron and may help women to increase their daily iron consumption. Eye Health According to studies, a diet rich in Vitamin A could prevent or reduce the symptoms of an eye disease caused by Vitamin A deficiency called Xerophthalmia. Beta-carotene inside our bodies is converted to Vitamin A. A cup of baked orange sweet potatoes provides 5 to seven times the amount of Beta -carotene daily needs of a healthy adult. Gut Health According to studies, consuming purple sweet potatoes high in antioxidants (anthocyanins) may reduce the risk of Irritable Bowel Syndrome (IBS). These substances promote the development of beneficial gut bacteria. Additionally, sweet potatoes are rich in gut-friendly fiber that helps in bowel health and movement. Fast Facts about Sweet Potatoes Water: 75.8 g Energy: 90 kcal Protein: 2.01 g Carbohydrate: 20.7 g Total lipid (fat): 0.05 g Fibre, total dietary: 3.3 g Sugars total: 6.48 g Ca: 38 mg Fe: 0.69 mg Mg: 27 mg P: 54 mg K: 475 mg Na: 36 mg Zn: 0.3 mg Vitamin A: 961 µg (218% daily value), B-carotene: 11500 μg Vitamin C: 19.6 mg (41% daily value) Thiamin: 0.078 mg Niacin: 0.557 mg Vitamin B6: 0.289 mg Vitamin Ε (alpha-tocopherol): 0.26 mg https://www.hsph.harvard.edu/nutritionsource/food-features/sweet-potatoes/ https://www.nparks.gov.sg/florafaunaweb/flora/1/4/1423 https://dpi.wi.gov/sites/default/files/imce/school-nutrition/pdf/fact-sheet-sweet-potato.pdf https://ucanr.edu/sites/uccemerced/files/40457.pdf https://www.sciencedirect.com/science/article/pii/B9780081029220000250 https://www.webmd.com/diet/health-benefits-sweet-potatoes https://www.alcorn.edu/uploaded/Extension/Sweet_Potato_TechNotes.pd sweet potato sweet potato health benefits"
https://wikifarmer.com/how-to-grow-spinach-from-seeding-to-harvesting/,10/19/2023 20:04,"How to Grow Spinach – From Seeding to Harvesting Summary of Spinach Commercial Growing Guide Spinach Soil Requirements Spinach Water Requirements Spinach Planting; How to grow healthy and thriving spinach Nutrient Management in Spinach Crops Pests and Diseases Spinach Harvesting Spinach Yield per Hectare In a few words, nearly all commercial spinach growers sow spinach seeds (mostly hybrids) directly in the field during fall or spring. Especially when growing spinach for the processing market, most commercial growers then thin the plants (they remove some plants from the field, so as to leave fewer plants and improve aeration). Fertilization, Sprinkler Irrigation, and Pest Management are applied in most cases. Time to harvest depends on whether we grow Spinach for Fresh or Processed Market. In many cases, spinach plants targeting fresh market are harvested in one cut (the whole plant is destroyed) about 40-55 days from seeding. On the contrary, spinach leaves that target processed market are harvested at about 60-80 days from seeding. In many cases, both the fresh and processed plants (but mostly the processed plants) are let to grow and regenerate after the first harvesting session, so that the producers can harvest a second cut. Spinach Growing Guide Spinach can grow well in the average soil, but it will thrive in soil rich in organic matter. In general, soil type and pH rarely become a restrictive factor when growing spinach. However, spinach has been reported to thrive in sandy loam soils with pH 6,5 to 6,8. In cases of severe P deficiencies, farmers may apply P2O5 at a rate of 50kg per hectare some days before seeding. Keep in mind that each field is different and has different needs. Growers should perform a soil analysis before planting. They can also seek advice from a local licensed agronomist in order to form a rational field preparation plan. Some farmers also apply well-rotted cow manure and plow well some days before seeding, in order to restore N levels. However, keep in mind that these are just some common patterns that you should not follow without making your own research. Spinach plant has a relatively shallow root system. As a result, the plant prefers smaller and more frequent irrigation sessions, in order to produce an acceptable yield. As a rule of thumb, farmers should focus on keeping the soil moist during the growing period. Experienced farmers claim that keeping the soil constantly moist, helps plant in two ways. On the one hand, the plant will be able to absorb the necessary water. On the other hand, this will keep soil temperature low, resulting in better spinach growth. Spinach tends to bolt into seeds when the weather is too hot. In this case, plants are genetically set to devote their resources producing seeds rather than leaf development. Therefore, the product cannot be marketed. In most cases, three to four irrigation sessions per week are used during the first two weeks. It is highly suggested to irrigate our crops early in the morning or late in the afternoon. This will prevent water evaporation from the sun’s heat. More than half of world production is irrigated through sprinklers. However, in some circumstances, extensive use of sprinkler irrigation favors the outbreak of leaf spotting diseases. As mentioned earlier, spinach generally needs cool weather, so most growers start growing it during early spring or late fall. Many farmers like to seed spinach six weeks before the last spring frost. In areas with cool spring, we can seed every ten days until late spring (mid-May). In the case of seeding spinach in warm climates, we may also sow them in the shade of tall crops, such as wheat, beans or corn. Depending on the variety, spinach can grow in a temperature between 50-70 °F degrees (10-21 °C). When we decide to plant spinach in spring or fall, the perfect location is a sunny area with light shade and well-drained soil. During winter, we can protect our plants with cold frames or cover them with mulch. Farmers often remove these protection measures only after temperature reaches 40 °F degrees (5 °C). In most cases, spinach is sown directly into the field. Farmers can sow spinach seeds (mostly hybrids) directly to the ground in rows or by broadcasting them. The plants need sufficient space between them to grow. In direct sowing, we plant our seeds in rows, in a depth of 1-1,18 inches (2,5-3 cm). For continuous production, we may sow every 10-15 days. Spinach can produce leaves in the average soil, but it will thrive in nutrient-rich soil. Many experienced farmers apply a mix of compost and phosphorus fertilizer into the soil, a few days before planting the seeds. In cases of severe P deficiencies, farmers may apply P2O5 at a rate of 50kg per hectare some days before seeding (ask a licensed agronomist). Keep in mind that 1 hectare = 2,47 acres = 10.000 square meters. A great number of farmers use fertigation, ie. injection of water-soluble fertilizers in the irrigation system. This way, they can boost production and save time by watering and fertilizing the plants simultaneously. It is suggested that we follow manufacturer instructions before we use any fertigation method. Spinach is a leafy vegetable and we grow it in order to collect its leaves. As a result, in most cases, farmers may apply N and P during different stages of plant growth in order to maximize the total leaf surface. Spinach requirements in N are about 70-80 kg per hectare, depending on the type (savoy versus smooth). Many farmers also apply Ammonium Nitrate (N-P-K 20-0-0) at a rate of 50kg per hectare (ask your local licensed agronomist). In the case of organic production, we may use organic fertilizer rich in nitrogen. Organic fertilizer application can take place once or twice while spinach plants are still growing. We may also use compost manure mixed with other sources (such as fish emulsions etc.). In most cases, organic manure helps in weed control and soil moisture conservation during the summer months. It is crucial that any type of manure doesn’t come in touch with the young plants, otherwise, we may have problems. After applying fertilizers, it is suggested to irrigate our crops. Keep in mind that these are just some common fertilization methods that should not be followed without making your own research. Every field is different and has different needs. Conducting Soil Analysis and knowing your crop history is absolutely essential before applying any fertilization method. You may seek advice from a licensed agronomist. Unfortunately, spinach plants are often attacked by pests and they often suffer from diseases. Knowing our local crop enemies is essential in order to form an environmentally friendly approach and face them. Before taking action, farmers may consult a local licensed professional for proper control of spinach pests and diseases. Time to harvest depends on whether we grow Spinach for Fresh or Processed Market. In most cases, spinach plants for fresh market are harvested in one cut (the whole plant is destroyed) about 38-55 days from seeding. On the contrary, spinach leaves that target processed market are harvested at about 60-80 days from seeding. In many cases, both the smooth and savoy plants (but mostly the smooth plants) are let to grow and regenerate after the first harvesting session, so that the producers can harvest a second cut. In developed countries, spinach is mostly harvested through machines that are attached to tractors. These machines either collect the whole plant and destroy it (one single cut) or cut the leaves at a predefined height in order to encourage regeneration and a second harvesting session some days later. After collected, spinach leaves along with soil, dirt, and stones go through a series of webs, where spinach is isolated from foreign materials and collected. In developing countries, spinach can also be harvested through hand scissors. Farmers either collect the whole plant (and thus destroy it) or collect a portion of its leaves in order to encourage the plant’s regeneration and harvest a second cut some weeks later. According to many experienced farmers, the ideal time to harvest our plants is early in the morning. By this way, we prevent sunlight exposure of the plant material. Spinach leaves are usually available on the market immediately after harvesting, and the product may be offered fresh, frozen, canned or dried. Fresh spinach can be stored in the refrigerator for 7-10 days. In large commercial spinach farms, farmers cool immediately the harvested spinach leaves, in order to prevent product deterioration. The average spinach yield is 20-30 tons per hectare. Of course, such high yields can be accomplished by experienced farmers after several years of practice. In the case of multiple harvesting sessions of the same crop, we may expect 10-15 tons per hectare multiplied by 2 – 3 harvesting sessions. Keep in mind that 1 ton = 1000 kg = 2200 lbs. and 1 hectare = 2,47 acres = 10.000 square meters. You can check out Spinach and other leafy vegetables market prices and suppliers growing spinach spinach"
https://wikifarmer.com/category/vegetables/sweet-potato/,10/19/2023 20:04,"Sweet Potato Yield, Harvest, Curing, and Storage Sweet Potato Major Pests, Diseases and Weed Control Sweet Potato Fertilization Requirements Sweet Potato Water Requirements and Irrigation Systems Sweet Potato Soil Requirements, Soil Preparation, and Planting How to Produce Sweet Potato Slips How to Grow Sweet Potatoes for Profit How to Grow Sweet Potatoes in Your Backyard Sweet Potato Nutrition and Health Benefits Sweet Potato Plant Information and Variety Selection How much do sweet potatoes yield per hectare and acre? Sweet potatoes are generally tolerant to drought and have a light to moderate need for nutrients (fertilization). However, plants react […] Sweet potatoes are generally susceptible to more than 40 diseases (+20 viruses) and 40 species of pests globally. However, the type and severity of an enemy that a sweet potato […] Sweet Potato Nutrient Needs First, all farmers should take into account the soil condition and characteristics of their field by performing semiannual or annual soil and tissue analysis before applying […] How much water do sweet potatoes need? Sweet potato is considered a mildly drought-tolerant plant. However, it seems to face a quality drop in low humidity conditions. It responds very […] Soil Requirements and Preparation for Sweet Potato Growing Where to plant sweet potatoes Sweet potatoes generally have similar soil requirements to other vegetable crops. The plants thrive in sandy to […] Sweet potato Propagation and Planting Material Many farmers prefer to grow their own sweet potato slips (vine cuttings) by following specific procedures. The reasons they choose this method are several. […] Growing sweet potatoes –if done rationally and on a scalable basis- can be a good source of income. In a few words, sweet potato is a perennial plant, but growers, […] Growing sweet potatoes in a pot More and more people like to grow their own fruits and vegetables as a hobby, for self-satisfaction, and to control what they eat. However, […] The plant originated in Central America. During the Spanish colonial period, sweet potatoes were spread in the Philippines, and since 1604 they were already known in Japan and Europe. In […] Sweet Potato plant physiology and environmental needs Sweet potato (Ipomoea batatas L) is a dicotyledonous tropical plant of the Convolvulaceae family. It is a perennial plant (only in plant hardiness […]"
https://wikifarmer.com/spinach-facts-health-benefits-and-history/,10/19/2023 20:04,"Spinach Facts, Health Benefits and History Spinach originated from Ancient Persia and was well known through the centuries as a highly nutritious and healthy food. However, its publicity in the western world skyrocketed during the 20th century, due to the famous comic character Popeye. Popeye could not fight his enemies unless he consumed a small cup of spinach. This food instantly gave him enormous power to exterminate any enemy with bare hands. Thousands of people even today ask google if their biceps will grow bigger just by eating a cup of spinach on a daily basis, without any exercise. Although there is a certain exaggeration in Popeye story, spinach indeed help people get stronger, both in terms of bone and muscle system and in terms of immunity. Spinach can help muscles grow at a very small percentage, provided other factors occur (physical exercise, balanced diet, proper sleeping time etc.). Spinach can provide the human body with proteins, minerals, iron and plenty of vitamins (vitamin K, vitamin A, B complex vitamins and vitamin C). Some of the most remarkable Health Benefits of Spinach are: Spinach is a nutrient-rich, low-calorie plant with a high concentration in water (more than 91 gr of water per 100 gr of spinach). According to USDA, 100g of Spinach contain (among others) Spinach is an important ingredient in plenty of salads. People often include it in diets rich in fiber and low in fat. Spinach is a flowering plant that naturally grows mostly in central and western Asia. However, its production is spread all over the world during the last centuries. Top 5 spinach producing countries are:"
https://wikifarmer.com/spinach-plant-wiki-info-uses/,10/19/2023 20:04,"Spinach Plant Wiki, Info & Uses Spinach (Spinacia oleracea) is in most cases an annual plant that belongs to the Amaranthaceae family. It is a leafy vegetable, mostly grown for its green, vitamin-rich leaves. People love to use these leaves in salads and cooking. We can consume spinach leaves raw or boiled. Spinach is well known for the nutrition benefits that offers to the human body. It is a vegetable rich in many nutrients such as vitamin K, vitamin A, vitamin C, B complex vitamins, folic acid, magnesium, iron and calcium. There is a great number of people, especially in Asia, who like to consume it fresh in salads. Consumers also include spinach in other foods too, such as soups and sandwiches. In some countries, like Greece or other Mediterranean countries, people prefer to eat spinach mixed with rice. We can divide spinach into three basic types; Spinach is a plant that generally prefers cool weather to grow. It can grow well in the average soil, but it will thrive in soil rich in organic matter. We can start growing spinach during the fall, when the weather is cool enough. We can also grow spinach during spring, but we need special handling. Spinach is a cold-resistant plant that can normally grow well in temperatures of 50-70 °F degrees (10-21 °C). However, its growth accelerates in temperatures from 54 to 63 °F (12-17 °C) Spinach is a quick maturing crop. It takes approximately 45 to 90 days from planting to harvesting. However, this depends on the variety and market (fresh versus processing spinach, one cut versus multiple harvesting sessions, etc.) and also on the time of the year we decide to grow it. The plant consists of roots, stems, leaves, and flowers. Spinach height can reach 11 inches (30 cm) or more."
https://wikifarmer.com/growing-watermelons-for-profit-complete-growing-guide-from-start-to-finish/,10/19/2023 20:04,"Growing Watermelons for Profit – Complete Growing Guide from Start to Finish How to grow Watermelon for Profit – Summary Growing Watermelons From Seed Growing Watermelons from Non-Grafted Seedlings Soil Requirements and Preparation for Watermelon Cultivation Watermelon Planting and Plant spacing Watermelons Low Coverage Watermelons Pruning – A controversial method Watermelon Water Requirements and Irrigation Systems Watermelon Pollination Watermelon Fertilizer Requirements Watermelon Pests and Diseases Watermelon Harvest Yield and Storage Growing watermelon –if done rationally and on a scalable basis- can be a good source of income. In a few words, most commercial watermelon growers start the crop from seeds (hybrids) in an indoor protected environment. As they wait for the young seedlings to grow and be ready for transplanting, they prepare the field. They till the land, they make the beds or furrows and they place a black plastic film through the rows. The black plastic film not only helps the soil become warmer but also controls weeds. They also design and place the drip irrigation system. When they are ready for transplanting, they make small holes in the plastic film, where they dig small holes and plant the seedlings. Fertilization, Drip Irrigation and Weed Management is applied in most cases. Thinning is also applied. Commercial watermelon growers remove the malformed or underdeveloped watermelons in order to encourage the plant to devote its resources in fewer but bigger and tastier fruits. Most commercial watermelon varieties can be harvested 78-90 days after transplanting. Harvesting can only be made through hand scissors or knives. After harvesting, watermelon growers plow and destroy the remaining of the crop. They may also rotate the crop, in order to control diseases or prevent soil from depleting. The restrictive factor when growing watermelon is always the climate. Watermelon plant comes from Africa. It is a plant extremely sensitive to low temperatures and frost. It requires on average temperatures from 18 to 35°C (65 to 95 °F), while soil temperature should not fall below 18°C (65°F). First of all, it is crucial to decide the growing method as well as the varieties of watermelon that thrive in our area. There are 3 methods to grow watermelons: Growing from seed, growing from non-grafted seedlings and growing from grafted seedlings. Watermelons are long-period crops. For growing outdoors, they need on average 100 to 120 days from seeding to harvesting. However, if you are planning to grow watermelon from seed, there are some facts you need to know. First, watermelon seeds require at least 18 °C (65 °F) soil temperature in order to germinate. Second, it is important for the seed to have optimum moisture levels in order to sprout. Over irrigation can be harmful. Some producers water thoroughly the soil a day before sowing and do not irrigate again, until it sprouts. However, this is not a good technique if the soil is too sandy and has difficulties in preserving enough available water. Watermelon seeds germinate easily in 6-10 days depending on the weather and soil conditions. In areas with a danger of frost, growers prefer to sow the seeds in seed beds under controlled conditions and then transplanting them into their final positions. They most commonly use turf as substrate for optimum aeration. Another commonly used method is growing watermelons from non-grafted plants. If we follow this method, it is crucial to choose carefully the variety of watermelon we are going to plant. If -for example- the fields in our area have problems with diseases, pests, lower or higher pH or salinity levels, then not all varieties can thrive. Some varieties are tolerant to some of those factors, while others are not. The most commonly used varieties are: Charleston Gray, Crimson Sweet, Jubilee, Allsweet, Royal Sweet, Sangria, triploid seedless and Black Diamond types. Nowadays, most growers prefer to use grafted watermelon seedlings. Grafting is a commonly used technique by which we join together parts from two different plants, so that they will grow as a single plant. The upper part of the first plant is called scion and grows on the root system of the second plant, which is called rootstock. Eventually, we have a plant that combines all the advantages of its different components. Some producers prefer to grow from seed both the rootstock plant and the scion. Then, they perform the grafting by themselves, while others buy certified grafted seedlings from legitimate sellers. The most commonly used seedlings nowadays are watermelon scions grafted on squash rootstocks. The basic soil preparation starts about 5 months before transplanting watermelon seedlings. Farmers plow well at that time. Plowing improves soil aeration and drainage. At the same time, plowing removes rocks and other undesirable materials from the soil. Tillage comes right after plowing. Tillage tractors leave the soil free from weeds which can be harmful for the crop. One week before planting, many farmers apply a pre-planting fertilizer such as manure or synthetic commercial fertilizer, always after consulting a local licensed agronomist. Since watermelon plants need a lot of space to grow, farmers plant them at predefined distances. Consequently, there is no reason to apply the pre-planting fertilizer to the entire field. A good technique is to mark the areas you are going to plant and then apply the fertilizer towards the lines. The next day is probably the right time to install the drip irrigation pipes. Following the installation, some farmers can apply soil disinfection substances through the irrigation system, in case soil analysis has revealed soil infection problems (ask a licensed agronomist in your area). In many cases, the most suitable period to plant watermelons outdoors, is during the second half of spring. At that time, the danger of frost has passed in most cases. Farmers generally prefer plants aged from 3 to 6 weeks. At this point they have developed maximum 3 veins (ideally 1-2). As far as the planting distances are concerned, a commonly used pattern for varieties that produce fruits up to 14 kg, is 1m (3,28 feet) distance between plants on the row and 3.5 m (11,48 feet) distance between rows. This pattern will give us 2000-2500 plants per hectare. (1 hectare = 2,47 acres = 10.000 square meters). The distances and the number of plants depend on the watermelon variety, environmental conditions and of course the desired watermelon size that is always dictated by the market. For example, if we plant more seedlings per hectare, we will harvest fruits of smaller sizes. A different pattern for smaller fruit varieties is 1,5 m (5 feet) between rows and 0,6m (1,9 feet) between plants in the row. Following this pattern, we will approximately plant 11.000 plants per hectare. (1 hectare = 2,47 acres = 10.000 square meters). Due to the fact that in non tropical countries, even in spring, there is always danger for frost or heavy rain, most producers protect young plants with low tunnels coverage. Right after planting, they create tunnels of 50 cm (1.6 feet ) height, using plastic or iron support struts and white plastic covers. In a few words, they create tiny greenhouses so as to maintain the desired microclima and protect the young seedlings from harmful factors. Approximately 45 days later (depending on the weather conditions), they start to gradually rip the plastic day by day, until they fully uncover the plants. A few days later, they completely remove it from the field. This gradual and incremental tearing of tunnel is very important. Otherwise, the sudden removal of the plastic will stress the plants. Some watermelon producers prefer to prune their watermelons, while others claim that pruning delays the development and fruit set of the plant. Those who prune their plants, remove most of the peripheral veins of the plant early, during the first stages of development, when it only has 3-4 veins. With this method, they force the plant to develop further through the main vein. They keep removing excess foliage that prevents proper aeration, during the entire growing period. Thus, they protect the plant from humidity favored infections like Powdery Mildew. According to FAO, the total watermelon water requirements during the entire growing period range from 400 to 600mm. Of course, the water requirements can be totally different under different weather and soil conditions. For example, heavy clay soils normally need less irrigation sessions than a sandy soil. Additionally, high atmosphere humidity or rainy days may not require irrigation sessions at all. On the other hand, a dry day with very high temperature may require one irrigation session per day. Many producers in Mediterranean countries like Greece, prefer to irrigate their watermelons 20 minutes per day, during their first stages. During the fruit setting stages, and as the temperature has increased enough (>35 oC), they increase irrigation sessions, due to the extended needs of the plant at these stages. Finally, they reduce irrigation dramatically, and almost stop irrigation during the last stages of maturity. Excess water at these stages will cause the fruit to crack. In some states of the USA, commercial watermelon producers provide on average 25mm of water per week. Many producers prefer to irrigate their watermelons early in the morning during the first stages and late in the evening as the temperature increases. Generally, watermelons have high water requirements, but watering the foliage has been linked with diseases outbreaks. Excess humidity in general may favor the development of pathogens such as Powdery Mildew. On the other hand, water-stressed plants are more susceptible to diseases. The most commonly used irrigation system is drip irrigation. Watermelon fruit setting relies on the activity of bees and other beneficial insects who distribute pollen. Especially when we grow seedless varieties, placing 1 or 2 strong and healthy hives per 1 hectare is necessary. Manual Pollination can also be a choice if we grow watermelons inside greenhouses or if the natural bee population in our area is not sufficient to pollinate our plants. First of all, you have to take into consideration the soil condition of your field through semiannual or annual soil testing, before applying any fertilization or tillage method. No two fields are the same, nor can anyone advise you on fertilization methods without taking into account your soil’s test data, tissue analysis and crop history of your field. However, we will list the most common watermelon fertilization schemes, used by a considerable number of farmers. Nowadays farmers make from 0 to 10 fertilizers applications throughout the 3 months growing period (from planting to harvest). Many farmers apply a pre-planting fertilization such as manure towards the rows one week before planting and start the fertigation 2 days after planting. At this point, they apply a Nitrogen- Phosphorus- Potassium 12-48-8 fertilizer, enriched with trace elements (micronutrients). High Phosphorus levels at the first stages will help plants develop a strong root system. Additionally, in many cases micronutrients make it easier for plants to overcome any stress conditions caused by transplanting. The next 3 applications (1 per week) alternate between 15-30-15 and 12-48-8. For the next 4 weeks, they apply interchangeably 20-20-20 and Ca(NO₃)₂ keeping a time window of 3 to 4 days between every application. For the next 2 weeks, they do not apply any fertilizer. At week 11, they apply 20-20-20 until the fruit reaches ⅔ of its final weight. From this point onwards, they start providing watermelons with KNO3 . At the final maturity stage, they change to ‎Κ₂SO4 . At these stages, plants normally have greater needs for Potassium in order to create big, well shaped fruits with high sugar levels. Thrips palmi are slender insects that attack watermelons by sucking the sap of leaves. Sunny and hot weather favor the infestation. Thrips management begins with proper precautionary measures. These include, weed control and crop rotation. A good technique is to constantly monitor their population. If the number is over the tolerable limits, then you can consider to intervene, always after the advice of a local licensed agronomist. There are biological as well as chemical solutions on the market, which of course should always be used under GAP standards and the supervision of a local licensed agronomist Aphids suck the sap and cause the plant to weaken. Leaves start to curl and shrink. Furthermore, aphids transmit several virus diseases. This mite primarily appeared in European countries. However, nowadays it is an American problem as well. It damages leaves, stem and fruit. It causes chlorotic spots on leaves. The mites also cause discolouration on fruits, lowering their quality. Anthracnose is a disease that causes serious damages mostly on leaves and veins. It is caused by the fungus Colletotrichum lagenarium. Cool and wet weather favors the fungus spores. Dry and hot weather conditions stop the disease cycle, which will continue again when weather conditions will be optimal. Symptoms appear primarily on the older leaves causing brown necrotic spots. We may also observe these infestation damages on stems, flowers and fruits. Anthracnose control begins with proper precautionary measures. These include: weed control and proper distances between plants, along with proper pruning for optimal aeration. The proper nutrient and water levels of the plants can also boost their immunity. Chemical treatment is used only if the problem is severe and always under supervision from a licensed agronomist. Downy mildew is caused by microorganisms of the Peronospora or Plasmopara genus. Symptoms most commonly appear on leaves after rain or during days with high humidity (often during spring). When our plants are infected by downy mildew, we will probably spot yellow or gray spots with mildews underneath. Downy Mildew control always begins with proper precautionary measures. These include: weed control, proper distances between plants along with proper pruning for optimal aeration. Chemical treatment is used only if the problem is severe and always under the supervision of a licensed agronomist. Powdery Mildew is caused by many different species of fungi. However Erysiphales and Podosphaera xanthii appear to be the most common ones. We can actually see a white powdery mildew on the leaves. As the powdery mildew moves through the vessels, leaves tend to become brown and eventually die. Powdery Mildew control includes the same steps as for Downy mildew. We must always disinfect our tools after we have handled an infected plant, in order to prevent the infection from spreading to healthy plants. Most watermelon varieties reach their full maturity and are ready to be harvested 78 to 90 days after transplanting. When they are ready for harvesting, in most cases we notice a yellow spot on their skin on the surface that is in-touch with the soil. Furthermore, we can observe a dry tendril on the part at which the stem is linked to the vain. Due to the differientations in pollination time, not all watermelons mature at the same time. Thus, we may have to harvest the same field more than one times. Watermelons can be harvested only by hand. We must be cautious to cut and not pull the watermelon, otherwise the fruits may crack open, and in this case they cannot be marketed. A good yield, after some years of experience is 50 to 80 tons per hectare. In commercial watermelon farms, we may expect to harvest 1,5 to 2 full size watermelons per plant. Watermelons are then transferred to cool but not freezing storage areas with a temperature of 10 °C ( 50 °F). Check out Wholesale watermelon prices"
https://wikifarmer.com/8-things-to-consider-when-growing-watermelons-in-your-backyard/,10/19/2023 20:04,8 things to consider when growing Watermelons in your Backyard Things to consider: Check out Watermelon Farms and Suppliers
https://wikifarmer.com/7-interesting-facts-about-watermelon-you-probably-ignored/,10/19/2023 20:04,"7 interesting facts about Watermelon you probably ignored 7 Interesting Facts about Watermelon Watermelon is an annual plant originated in Africa. Watermelon prefers warm areas to grow properly and has zero tolerance to frost. Watermelons are commonly grown for their sweet flesh and juice. They are an excellent source of water and nutrients especially during hot and dry periods of the year. Nowadays, watermelons are grown in almost all tropical and subtropical regions. China is the largest watermelon producer. Turkey and countries around the Mediterranean are also watermelon producing countries. According to World Atlas, top 5 countries by watermelon production are: Watermelon’s scientific name is Citrullus lanatus and is a member of the Cucurbitaceae family. This family also includes other well-known members such as melons, squash, cucumbers and pumpkins. Watermelon is a vining plant. Its vines can reach a length of 3 m (10 feet). They are green cylindrical( slightly angular) and covered by tiny hairs. Leaves are large and angular. Watermelons are monoecious plants. Individual plants produce both male and female flowers. Flowers are yellow and have 5 petals. The fruit is a large berry with black oval seeds. Although the most common type of watermelon is the one with pink or red flesh and black seeds, there are also other varieties that produce yellow or orange flesh as well as solid green, or green striped skin. Health Wellness"
https://wikifarmer.com/growing-eggplants-outdoors-for-profit-complete-growing-guide-from-start-to-finish/,10/19/2023 20:04,"Growing Eggplants Outdoors for Profit – Complete Growing Guide from Start to Finish How to grow Eggplants for Profit – Grower’s Handbook Summary Growing Eggplant from Seed Growing Eggplant from Seedlings Soil Requirements and Preparation for Eggplant Cultivation Eggplant Planting Outdoors and Plant spacing Eggplant Stacking Eggplant’s Pruning – A controversial method Eggplant Water Requirements and Irrigation Systems Eggplant Pollination Eggplant Fertilizer Requirements Eggplant Pests and Diseases Eggplant Harvest, Yield and Storage Growing eggplants outdoors –if done rationally and on a scalable basis- can be a good source of income. In a few words, eggplant is a perennial plant, but growers in most cases treat it as an annual. Most commercial eggplant growers start the crop from seeds (hybrids) in an indoor protected environment. As they wait for the young seedlings to grow and be ready for transplanting (normally 4-6 weeks), they prepare the field. They till the land, they make the raised beds or furrows and they place a black plastic film through the rows. The black plastic film not only helps the soil become warmer, but also controls weeds. They also design and place the drip irrigation system. When they are ready for transplanting, they make small holes in the plastic film, where they dig small holes and plant the seedlings. Fertilization, Drip Irrigation and Weed Management is applied in most cases. When plants reach a height of 40 cm (16 inches), most growers stake the plants, so as to support plant growth, improve aeration and facilitate harvesting some weeks later. Thinning is also applied. Commercial eggplant growers remove some sprouts in order to encourage the plant to devote its resources in fewer but bigger and tastier fruits. Most commercial eggplant varieties can be harvested 60-100 days after transplanting. Time from Planting to Harvesting depends on the variety, climate conditions and the age of the seedlings planted. Harvesting can only be made through hand scissors or knives and is normally performed in more than one session. After harvesting, eggplant growers plow and destroy the remaining of the crop. They may also rotate the crop (with cabbage, corn, legumes and others), in order to control diseases and prevent soil from depleting. The restrictive factor when growing eggplants is always the climate. The plant comes from warm climates. It is a plant sensitive to low temperatures and frost. It requires on average temperatures from 21 to 30°C (70 to 85 °F), while soil temperature should not fall below 20°C (68°F). Cool weather during growth period will inhibit plant growth and it is nearly impossible for shocked plants to recover and give an acceptable yield. First of all, it is crucial to decide the growing method as well as the varieties of eggplant that thrive in our area. There are 2 methods to grow eggplants: From seed and from seedlings. Eggplants are long-period crops. They need 60 to 100 days from transplanting to maturity point. However if you are planning to grow eggplant from seed, there are some facts you need to know. First, eggplant seeds require at least 21 °C (70 °F) soil temperature in order to germinate. Second, it is very important for the seed to have optimum moisture levels in order to sprout. Over irrigation can be harmful. Eggplant seeds germinate approximately in 8-17 days depending on the weather and soil conditions. Producers in areas with frost danger, prefer to sow the seeds in seed beds under controlled conditions and then transplanting them into their final positions. They often use turf as substrate for optimum aeration. In areas with hot weather during spring, producers may sow the seeds directly in the field. Although this is a cost effective method, it generally results in greater problems later, as the crop matures. If you prefer to start eggplant farming from seedlings, it is crucial to buy disease-free plants from a legitimate seller. The optimum time for transplanting is when they have 3-4 real leaves (4-6 weeks). Transplanting will most probably fail, unless the soil temperature is above 20 °C. Thus the best period for eggplant transplanting, in most countries is during the second half of spring. Soil can rarely be a restrictive factor, when we grow eggplants. However, the plant thrives best in middle to sandy soils with proper aeration and drainage. It normally has greater drought tolerance than tomato plant has, due to its deep roots. On the other hand, eggplant does not like soggy soils. The optimum pH levels range from 6 to 7. There are cases in which growers managed to grow eggplants and achieved average yields in soil with pH 8,5, but with special handling. The basic soil preparation starts 1 month before transplanting eggplant seedlings. Farmers plow well at that time. Plowing improves soil aeration and drainage. At the same time plowing removes rocks and other undesirable materials from the soil. One week later, many farmers apply a pre-planting fertilizer such as well rotted manure or synthetic commercial fertilizer, always after consulting a local licensed agronomist. Most farmers integrate top dressing at the same day, using tillage tractors. The next day is probably the right time to install the drip irrigation pipes. Following the installation, some farmers can apply soil disinfection substances through the irrigation system, in case soil analysis has revealed soil infection problems (ask a licensed agronomist in your area). In many eggplant producing countries, the most suitable time to plant eggplants outdoors, is during the second half of spring. At that time, temperatures are close to 21 °C (70 °F) and the danger of frost has passed in most cases. However, in the United States (Florida) and in United Arab Emirates, planting normally takes place during August and harvesting starts from November onwards. Farmers generally prefer seedlings aged from 4 to 6 weeks. At this point they have developed 3-4 real leaves. There are cases in which growers plant 8-10 weeks old seedlings. This technique will normally result in fewer days from transplanting to harvesting. Producers plant eggplants at single or twin rows. A common pattern for single rows planting is: 0.4m to 0.8m (18-35 inches) distance between plants on the row and 1.2m to 1.5 m (4-5ft) distance between rows. For twin rows planting, many growers prefer: 0.4m to 0.8m (18-35 inches) distance between plants on the row and 0.9m to 1.2m (3-4 ft) distance between rows. Following this pattern, we will approximately plant 10000-20000 plants per hectare. However, this is not always the case. Many farmers plant from 25.000 to 35.000 plants per hectare. The distances and the number of plants, depend on the eggplant variety, environmental conditions and of course the yield goals of the producer. (1 hectare = 2,47 acres = 10.000 square meters). Most eggplant producers use stacking for their eggplants. There are several advantages of using this technique. First of all, stacking prevents foliage and fruits from touching the ground, while at the same time leaves extra space for aeration. Furthermore, harvesting becomes much easier. The right time to start stacking, is when eggplants have reached a height of 40 cm (16 inches). Farmers tie every plant with wooden stakes 0.5cm (1 inch) thick and 1-1.5m (50-60 inches) long. Many eggplant producers prefer to prune their eggplants, while others claim that pruning delays the development and fruit set of the plant. Those who prune their plants remove most of the peripheral stems of the plant early during the first stages of development when it has 3-4 stems. With this method, they force the plant to develop further through the two v-shaped main stems. They keep removing excess foliage that prevents proper aeration, during the entire growing period. Thus, they protect the plant from humidity favored infections. Moreover, some producers remove most of the double flowers, leaving the most vigor ones on the plant. This method helps the plant distribute more nutrients to the remaining flowers. These flowers will eventually give bigger fruits. According to Utah State University, the proper irrigation plan for eggplants, is to apply 2.5-5cm water (1-2 inches per week). Of course, water requirements can be totally different under different weather and soil conditions. For example, heavy clay soils normally need less irrigation than a sandy soil. Moreover, on rainy days or on days with high humidity, we may not require irrigation at all. On the other hand, a dry day with high temperatures may require more than one irrigation sessions. Different eggplant varieties also have different water requirements. As a general rule, water requirements of plants increase from pollination to fruit setting. Many producers in Mediterranean countries prefer to irrigate their eggplants providing 1 liter οf water per plant every 2-3 days, during their first stages. During the fruit setting stages and as the temperature increases a lot (35 oC or 95oF), they increase irrigation sessions, due to the high needs of the plant. At this stage, they irrigate daily, or even twice a day depending on the weather conditions. They irrigate their eggplants early in the morning if the day is cloudy, adding one more irrigation sessions at night, during hot periods. Watering the foliage has been linked with diseases outbreaks. In general, excess humidity, especially on foliage, may favor diseases outbreaks. On the other hand, water-stressed plants are more susceptible to diseases. The most commonly used irrigation system is drip irrigation. Most producers use multiple or one – use drip strips with 20cm (7.8 inches) distance between drips. Eggplant is self-pollinated. However, it has been reported that bees may improve pollination, and thus fruit setting and total yield per hectare. The most commonly used fertilization method is “fertigation”. Producers inject water soluble fertilizers inside the drip irrigation system. In this way, they can provide the nutrients gradually and give the plant the proper time to absorb them. Nowadays farmers make from 0 to 10 fertilizers applications throughout the 2 to 3 months period from transplanting to harvesting. Many farmers apply well rotted manure towards the rows, about two months before planting. They also apply a pre-planting fertilization high in Phosphorus about a week before planting and start the fertigation 10 days after planting. At this point, they apply a Nitrogen- Phosphorus- Potassium 13-40-13 fertilizer, enriched with trace elements (micronutrients). High Phosphorus levels at the first stages will help plants develop strong root system. Additionally, micronutrients makes it easier for plants to overcome any stress conditions caused by the transplanting. 3 days later, they repeat the 13-40-13 application. During the following days, they apply once a week water soluble N-P-K 20-20-20. They continue the 20-20-20 applications until the fruit reaches ⅔ of its final weight. From this point, they start to increase Potassium levels by providing eggplants with KNO3 and/or ‎Κ₂SO4 . At these stages, plants have greater needs for Potassium in order to create big, well shaped fruits. Another common fertigation program for eggplant involves Urea, Potassium Nitrate and EDDHA. Urea is injected into the irrigation system 2-4 weeks from transplanting, KNO3 is injected 6 weeks after transplanting until the last stages before harvest, while EDDHA is administered throughout the growing period. The first precaution against pests and diseases is crop rotation and tillage. The second is to purchase only certified disease free seeds and seedlings. Eggplant Pests Colorado Potato Beetle Colorado potato beetle (Leptinotarsa decemlineata) -despite its name- attacks not only potatoes but also eggplants. The beetle overwinters on the ground and during the spring starts to reproduce. Larves of the beetle chew the eggplant leaves, causing serious damage to the entire crop. Companion planting of eggplant with beans has been reported to protect eggplants from beetle attack. A good technique is to constantly monitor their population. If the number is over the tolerable limits, then you may consider to intervene. There are biological as well as chemical solutions on the market, which of course should always be used under Good Agricultural Practices standards and supervision from a local licensed agronomist . Liriomyza bryoniae, is one of the most important enemies of the eggplant. It resembles a tiny fly, however, the larvae of this insect attack eggplant leaves, causing characteristically white stoas and holes. Eventually, the plant drops the leaves due to their inability for photosynthesis. Moreover, the holes that the larvae creates, favor the infection of harmful microorganisms. Eggplant Diseases Verticillium dahliae Verticillium dahliae is a serious fungal pathogen that attacks the eggplant, causing plant death. The first signs start as we observe slow wilt on the foliage, which gradually turns brown. Infected plants may have slower development than the healthy ones do. Disease control begins with proper precautionary measures. These include: weed control and safe distances between plants along with proper pruning for optimal aeration. The general condition of the plants (nutrients and water level, sun exposure) can also boost their immunity. Chemical treatment is used only if the problem is severe and always under supervision from a local licensed agronomist. Phytophthora (Phytophthora infestans) is a serious fungal pathogen that attacks the eggplant. Symptoms most commonly appear on leaves, during days with high humidity levels, especially when cold nights are followed by hot days. When our plants are infected by phytophthora, we will probably observe offwhite, yellow or gray spots which periodically turn brown. The majority of eggplants reach their full maturity and are ready for harvesting 60-80 days after transplanting. As a rule of thumb, farmers harvest eggplants before their seeds turn brown. Eggplants are harvested by hand and in more than 1 harvesting sessions. In large commercial farms of the US, farmers perform 1 harvesting session per week for 3-4 weeks in the same field. Commercial growers after years of practice collect 12-15 full size eggplants for every healthy plant, but this also depends on variety and desired size of the harvested fruit. A good yield after years of practice is 25 to 40 tons per hectare. There are cases in which farmers harvested 60 tons per hectare, or even more. Of course, such high yields can only be achieved under certain conditions (intensive farming and many years of experience). Eggplants are then transferred to cool but not freezing (10°C – 50°F) storage areas, so that a potential weight loss is avoided. Check out Eggplant Wholesale Market Prices and Suppliers Commercial Crops"
https://wikifarmer.com/8-things-to-consider-when-growing-eggplants-in-your-backyard/,10/19/2023 20:04,8 things to consider when growing Eggplants in your Backyard Things to consider when growing Eggplant:
https://wikifarmer.com/8-interesting-facts-about-eggplant-you-probably-ignored/,10/19/2023 20:04,"8 Interesting Facts about Eggplant you probably ignored 8 Interesting Facts about Eggplant Eggplant is a perennial plant, but most producers grow it as an annual. Eggplant originated from India where we still find it in the wild. It prefers warm areas to thrive and has a low tolerance for cold. Nowadays, eggplants are grown in many European and Asian countries. China is the largest eggplant producing country. Turkey and countries around the Mediterranean also produce eggplants at a large scale. According to World Atlas, top 5 eggplant producing countries are: Eggplant’s scientific name is Solanum melongena and is a member of the Solanaceae family. This family includes other well-known members, such as tomatoes, potatoes, peppers, and tobacco. Eggplant has a spiny stem covered in tiny hairs. The height of the plant varies from 0.4 m to 2.5m (1.3 to 8 ft) depending on the variety. It has a deep root system which grows from 0,6 to 1.2m (1.3 to 3.9ft). Leaves are large and lobed 10-30cm (4-12 inches) long. Flowers are white to purple and can be found single or in inflorescence with 2-3 blooms. They are characterized by a five-lobed corolla. The fruit is a big berry with soft brown seeds. Eggplants come in three main shapes: oval, tear-shaped and round-shaped. Its skin color may be solid black, solid purple, striped black or purple and white. Eggplant flesh is spongy and off white, with a slightly bitter taste when consumed raw. Eating raw eggplants shall be avoided. Moreover, consuming eggplant flowers or leaves can be dangerous for human health. Members of Solanaceae family produce a substance called solanine, which acts as the plant’s natural pesticide and is poisonous if consumed in large quantities."
https://wikifarmer.com/market/en/fruits/melon-watermelon/,10/19/2023 20:04,"FRESH FRUITS Persimmon Jiro and Hana fugu (lotous) Mandarins BANANA CAVENDISH Pineapple Lime thaiti, fresh limes - 18kg BOX Apples gala - Price per Kilo Chiquita pineapple from Costa Rica 11.5 kg/box Plantain Plums from Volos 6kg/box - Price per kilo Fine red-fleshed Tarocco Gallo orange from Sicily Biologic lemon box 20 kilos shipping included Fruits mix: Grapefruit, orange, lemon and tangerine Red apples from Rodochori 1kg Jona Gold Apples 1kg Organic Yellow Grapefruit Organic Tangerines 1kg Organic sweet pomegranates (Acco cultivar) Clementines , tangerines of CALABRIA excellent quality. sale by the pallet, wholesale sale. Price per kg. Sicilian oranges, untreated , 10 kg crate first choice Navelina Oranges 15 kilos box Golden Apples 15kg box Pomegranate Bio variety Kingdom Lemon Adalia Oranges - 10 kg package LEMONS WITH EDIBLE PEEL Lemons with edible peel Colombian/Peru Hass Avocado 4kg boxes - Caliber 26/28 Pears Cascade® Pear Passacrassana 4kg boxes / 10kg boxes Fuji apples from Rodochori Navel Oranges in 18 kg Crates 100% Natural Oranges - Tarocco Gallo - PGI Pomegranate caliber 450gr/No prepayment/Transport included in the price Lemons from Galicia - Bio Oranges tarocco gallo red pulp - kg 16.5 Mandarin tardivo di Ciaculli Siciliano 1kg untreated Tangarines Clemen Rubi Lemons Verna 15 kg box Hass Avocados 100kg Green banana in 22 kg. boxes Clementine fine de Berkane IGP ""Gourmet"" Oranges First-flowering lemons Tarocco rosso 1kg Tarocco oranges medium size 18 kg package Poland Uganda AVERAGE FRUIT WEIGHT AVERAGE FRUIT DIAMETER Products found 349 349 Spain (106) Greece (96) Italy (89) Poland (7) Ecuador (4) Oranges (81) Lemon (35) Kiwis (28) Tangerine (25) Apples (25) Avocados (24) Other Fruits (16) Exotic Fruits (15) IFS Food (6) BRC (BRCGS) (2) Organic (63) g mm On Discount (34) €0.60 1kg - €0.60 / kg Naousa, Greece Mesologhi, Greece -13% €13.26 20kg - €0.66 / kg 160 Pieces -29% €14.11 18kg - €0.78 / kg 1100 PiecesMinimum 1100 Pieces Tlapacoyan, Mexico €0.90 560 Pieces Kastoria, Greece €10.58 11.5kg - €0.92 / kg 48 Pieces €23.00 22kg - €1.05 / kg 22 PiecesMinimum 22 Pieces €1.08 1kg - €1.08 / kg 468 PiecesMinimum 468 Pieces Palagonia, Italy €1.12 1kg - €1.12 / kg Pego, Spain 432 Pieces Aitoliko, Greece Ermioni, Greece 420 Pieces Larissa, Greece Corigliano Calabro, Italy €12.50 40 Pieces Piazza Armerina, Italy €20.00 15kg - €1.33 / kg 25 Pieces Algemesí, Spain Padul, Spain Abla, Spain €1500.00 1000kg - €1.50 / kg -17% €15.00 Pagani, Italy Paternò, Italy Guarene, Italy Gaibanella-Sant'Egidio, Italy €6.50 4kg - €1.63 / kg LEIDSCHENDAM, Netherlands €1.63 1kg - €1.63 / kg €30.00 17 PiecesMinimum 17 Pieces Venezia, Italy €1.73 1kg - €1.73 / kg 290 PiecesMinimum 290 Pieces Caltagirone, Italy €1.74 1kg - €1.74 / kg 19500 PiecesMinimum 19500 Pieces Biała Podlaska, Poland €1.75 1kg - €1.75 / kg O ROSAL, Spain €1.78 1kg - €1.78 / kg €29.50 16.5kg - €1.79 / kg Mineo, Italy €1.80 1kg - €1.80 / kg 280 PiecesMinimum 280 Pieces Castelvetrano, Italy €1.85 1kg - €1.85 / kg xeraco ( valencia), Spain €28.06 15kg - €1.87 / kg Les Alqueries, Spain €1.88 1kg - €1.88 / kg Antwerpen, Belgium €1.90 1kg - €1.90 / kg 660 Pieces Novelda, Spain €2.00 250 PiecesMinimum 250 Pieces Bois-de-Haye, France 14kg - €2.00 / kg Alcantera del Xuquer, Spain Balestrate, Italy Aldaya, Spain"
https://wikifarmer.com/how-to-grow-lettuce-lettuce-complete-growing-guide-from-seeding-to-harvesting/,10/19/2023 20:04,"How to grow Lettuce – Lettuce Complete Growing Guide from Seeding to Harvesting Summary of Lettuce Growing Guide Lettuce Soil Requirements Lettuce Water Requirements Lettuce Planting and Spacing – Seeding rate and Planting Distances Lettuce Fertilizer Requirements Lettuce Pests and Diseases Lettuce Harvesting Lettuce Yield per Hectare In a few words, we start sowing indoors and transplant in the field or greenhouse, in most regions after the first frost. For the cultivation of 1 hectare, we need 28-31 oz. (800-900 grammars) of seed. We sow the seeds in seedbed/ pots at a depth of 0,17 inches (0,4-0,5 cm) and place them in a room with plenty of sunlight. We keep the soil moist. It is important to reserve the ground moist, but not irrigate excessively, because our seeds will probably rot and will not germinate. Some producers harden the young seedlings before transplanting them in the field. We transplant the lettuce in the field after the last frost. We choose an area with well-drained soil, free from stones and roots. Some producers also sow the lettuce seeds directly in the field, but this method is not recommended for high soil temperatures. Lettuce seeds are genetically programmed to go dormant above a certain temperature. Lettuce plants prefer plenty of sun and thrive in soil rich in nitrogen and humus. In most cases, we plant lettuce leaving a distance of 8-12 inches (20-30 cm.) between plants and 20-23 inches (50-60 cm.) between rows. In a field of 1 hectare (10.000 square meters), we transplant about 50.000 plants. We irrigate frequently. Three weeks after transplanting, we may add a fertilizer that can boost the plants’ development, although lettuce is definitely not a heavy feeder (ask a local licensed agronomist). However, lettuce is a demanding crop in terms of farmer’s attention and time. Many farmers monitor the crop every day, checking soil moisture, pests, diseases, and general crop health. In most cases, we harvest 60 – 90 days after sowing, depending on the variety. It is better to cut the lettuce in the morning. The average yield is 20-40 tons per hectare. Lettuce is a plant that thrives in nutrient-rich, well-drained soil. It is essential to perform a proper field preparation before sowing the seeds or transplanting the young seedlings. Experienced farmers report that it is helpful to till the soil and apply compost or well-rotted manure normally one week before transplanting or direct seeding. In most cases, lettuce prefers fertile soil with a pH ranging from 6 to 6,8. In order to have thriving plants and good yields, farmers prefer to keep the soil constantly moist. Growers shall perform a soil analysis before planting. It is recommended to consult a local licensed agronomist in order to form a rational field preparation plan. Lettuce plants have a shallow root system. They normally prefer smaller but more frequent irrigation sessions. During hot summer months, we may need to irrigate lettuce plants every day and maybe put a shade upon them. If we don’t regularly irrigate our plants during this season, lettuce plants will suffer from heat and bolting can be an issue (the plant starts to produce seeds). Consequently, lettuce leaves may become bitter. Bolting is generally irreversible and those plants cannot be marketed. Most farmers use sprinkler or drip irrigation systems. In order to keep the soil constantly moist, farmers may apply a thin layer of mulch to the ground (ask your local licensed agronomist). Sudden deviations in soil moisture will deteriorate the plant’s growth. It is highly recommended to water lettuce plants early in the morning or late in the afternoon. It is essential to avoid excessive watering that may result in disease outbreaks and root rot. Keeping the soil moist is the key to growing healthy lettuce. In general, lettuce plants need cool weather to thrive. We should focus on planting seeds in the appropriate time window, depending on when we want to harvest them. Depending on the variety, lettuce can grow at a temperature between 45 to 64 °F ( 7-18 °C). Under certain circumstances and special handling (for example shades), lettuce can grow even in 84 F° (29 °C). When we decide to plant lettuce in spring or fall, the perfect location is a sunny area. On the contrary, when we decide to plant in late summer, lettuce requires sufficient protection from the sun. This can be provided by shades. When the weather starts to become cooler, we may remove the shades and let the young plants receive the sunlight they need. We can direct seed our plants or transplant them. In direct sowing, we plant lettuce seeds in rows, in a depth of ¼ inch (0,6 cm). Furthermore, we can sow by broadcasting the seeds for a wide row planting. In most cases, experienced farmers claim that spring frosts and summer heat injure their plants. To avoid that, they normally start growing their plants indoors. Growers normally start seeding indoors before the frosts begin. Two weeks after the frost, they can transplant them outdoors. Lettuce plant is transplanted with its soil block attached. Farmers may follow the same measure against summer heat. During the summer heat, they plant lettuce seeds indoors. Then, when the weather gets cooler, they usually transplant them outdoors. In order to achieve good growth and maximize their yields, farmers may take into consideration the following factors. It is essential to perform a soil analysis before any fertilizer application. No two fields are the same nor can anyone advise you on fertilizer requirements without knowing your crop history and the results of your soil analysis. In general, lettuce reaches maturity fast, so many farmers make just one fertilizer application about 20 days after transplanting. In other cases, lettuce crop is established as a rotation crop between heavy feeders (for instance broccoli), so in this case, they may apply no fertilizer at all. However, this method may involve problems with diseases. In general, fertilizer application often takes place three weeks after the plants are transplanted into their final position. In many varieties, farmers let the lettuce grow in height before they apply any fertilizer. Many farmers use a well-balanced fertilizer, consisted of essential nutrients, such as nitrogen (N), potassium (K) and phosphorus (P), usually in the form of granules. Experienced farmers claim that granular fertilizers can be applied in the form of 10-10-10 (N-P-K) or 5-5-5 (N-P-K) mixtures. We may apply the granules to the ground around lettuce plants. It is crucial that the granules don’t come in touch with the young plants, because there is a risk of burning them. After applying fertilizers, irrigation is usually required. In other cases, farmers prefer to use fertigation (injection of water-soluble fertilizers in the drip irrigation system). It is suggested that we follow the manufacturer’s instructions before we inject any water-soluble fertilizer. Finally, some farmers apply KNO3 at a rate of 200 kg per hectare about 35 days after transplanting (1 hectare = 2,47 acres = 10.000 square meters and 1 ton = 1000 kg = 2200 lbs.). Organic farmers may apply well-rotted manure and plow the soil two weeks before planting. Organic manure helps in weed control and preserves soil moisture. However, these are just common patterns that should not be followed without making your own research. Every field is different and has different needs. You may seek advice from a licensed agronomist after conducting a soil analysis. It is necessary to know our crop enemies and form in advance an environmentally friendly approach in order to tackle them. We can consult a local licensed professional for proper control of lettuce pests and diseases. The most common lettuce pests and diseases are listed below. Pest and Disease Control The best way to control pests and diseases is always prevention rather than intervention. Lettuce growers shall take into consideration the following measures. As a general rule, lettuce sowing to harvesting can take from 65 to 130 days (depending on the variety). In most cases, lettuce can be harvested between 30 and 70 days after transplanting. The proper time for harvesting our plants depends not only on different varieties but also on local conditions (weather, planting distances, preferred market weight, fertilization etc.). Important things about Lettuce Harvesting: The average lettuce yield per hectare is 20-40 tons. Keep in mind that 1 ton = 1000 kg = 2200 lbs. and 1 hectare = 2,47 acres = 10.000 square meters. Experienced lettuce farmers in areas with proper climate can harvest 20-40 tons per hectare multiplied by 2-4 crops a year. Of course, such high yields can be accomplished by experienced farmers after several years of practice. Check out Lettuce Wholesale Prices and Suppliers Agribusiness"
https://wikifarmer.com/12-amazing-health-benefits-of-eating-lettuce/,10/19/2023 20:04,"12 Amazing Health Benefits of Eating Lettuce However, lettuce as any other food shall be consumed in normal quantities and only as part of a balanced diet. Lettuce Nutrient Values and Weights We can find different types of lettuce in the market. Green Leaf, Romaine / Cos, and Crisphead / Iceberg are the most common. Each type contains different amounts of ingredients and they are listed below. According to the USDA, 100 gr of Raw Lettuce normally contain (among others): Leaf Green Romaine / Cos"
https://wikifarmer.com/lettuce-plant-wiki-info-uses/,10/19/2023 20:04,"Lettuce Plant Wiki – Info & Uses Lettuce (Lactuca sativa), is an annual plant that belongs to the Asteraceae family. It mainly grows as a leaf vegetable and it is well known as one of the most essential ingredients in plenty of salads. Lettuce is widely known for its colorful leaves, with red and green being the most usual among them. The color usually depends on the type of lettuce that we decided to grow. Some varieties may have yellow or gold-colored leaves. There are several types of lettuce that grow all over the world, but the most common are the following. Lettuce is a plant that needs cool weather to grow fast and mature quickly without bolting (producing seeds). The seeds are genetically programmed to go dormant above a certain temperature. The ideal temperature is between 45 and 64 °F (7-18 °C). It generally takes 65 to 130 days from planting to harvesting. However, this depends on the variety that we grow and the time of the year we choose to plant it. Its height can reach 12 inches (30 cm). The plant has a shallow root system and thus it needs smaller and more frequent irrigation sessions in order to give a good yield. Wholesale Lettuce Market"
https://wikifarmer.com/growing-melons-outdoors-for-profit-complete-growing-guide-from-start-to-finish/,10/19/2023 20:04,"Growing Melons Outdoors for Profit – Complete Growing Guide from Start to Finish How to grow Melons for Profit – Everything you need to know Growing Melons From Seed Growing melons from Non-Grafted Seedlings Growing Μelons from Grafted Seedlings Soil Requirements and Preparation for Melon Farming Melon Planting, Plant spacing and Number of Plants per Hectare. Melons Low Coverage Pruning in Melon Farming – A controversial method Melon Water Requirements and Irrigation Systems Melon Pollination Melon Fertilizer Requirements Melon Harvest and Storage Melon Yield per Hectare and Acre Common Melon Pests and Diseases Commercial Melon Farming outdoors –if done rationally and on a scalable basis- can be a good source of income. The restrictive factor when growing muskmelon is always the climate. The plant comes from Africa. It is a plant extremely sensitive to low temperatures and frost. It requires on average temperatures from 18 to 35°C (64 to 95 °F), while soil temperature should not fall below 18°C (64°F). In a few words, most commercial melon growers start the crop from seeds (hybrids) in an indoor protected environment. As they wait for the young seedlings to grow and be ready for transplanting, they prepare the field. They till the land, they make the beds or furrows and they place a black plastic film through the rows. The black plastic film not only helps the soil become warmer but also controls weeds. They also design and place the drip irrigation system. Some producers harden the plants for 3-6 days before transplanting them at their final positions. When they are ready for transplanting, they make small holes in the plastic film, where they dig holes and plant the seedlings. Fertilization, Drip Irrigation and Weed Management is applied in most cases. Thinning is also applied. This means that commercial melon growers remove the malformed or underdeveloped melons in order to encourage the plant to devote its resources in fewer but bigger and tastier fruits. Most commercial melon varieties can be harvested 78-90 days after transplanting. Harvesting can only be made through hand scissors or knives. After harvesting, melon growers plow and destroy the remaining of the crop. They may also rotate the crop, in order to control diseases or prevent soil from depleting. As a general rule, we shall avoid growing Cucurbitaceae in the same soil for more than two consecutive years. First of all, it is crucial to decide the growing method as well as the varieties of muskmelon that thrive in our area. There are 2 methods to grow melons: Growing from seed and growing from seedlings. For growing outdoors, melons need on average 100 to 130 days from seeding to harvesting. However, if you are planning to grow melon from seed, there are some facts you need to know. First, melon seeds require at least 18 °C (64 °F) soil temperature in order to germinate. Second, it is important for the seed to have optimum moisture levels in order to sprout. Over irrigation can be harmful. Some producers water thoroughly the soil a day before direct seeding and do not irrigate again, until the seeds sprout. However, this is not a good technique if the soil has difficulties in preserving enough available water. Many producers normally plant the seeds in hills or raised beds. If they have not applied manure before planting, they dig holes 14 to 16 inches (35-40 cm) deep and wide and add the manure. They mix the manure with the soil removed and create small hills. Next, they plant 3-5 seeds in each hill at a depth of 1 inch (3 cm). It crucial for the soil to have enough humidity at this stage. As for the seeding distances, a commonly used pattern is 90–120 cm (3–4 ft) between seeds in a row and 150–180 cm (5–6 ft) between rows. At the time the seedlings have developed 1-2 true leaves, many producers remove the extra seedlings, leaving 2-3 healthy plants per hill. In 1 oz. of melon seeds, there are 700-750 melon seeds (in every grammar of melon seeds, there are about 25-30 melon seeds). Many producers report that they need 0,25-0,4 kg of seeds per hectare, or 0,22 to 0,35 lbs. per acre. Melon seeds germinate relatively easily in 4-7 days depending on the weather and soil conditions. In areas with a danger of frost, growers prefer to sow the seeds in nursery under controlled conditions and then transplanting them into their final positions. They prefer to use turf as substrate for optimum aeration. They start their transplants indoors 2-3 weeks before transplanting. Some producers harden the plants for 3-6 days before transplanting them at their final positions. Another commonly used method is buying non grafted seedlings. If we follow this method, it is crucial to choose carefully the variety of melon we are going to plant. If -for example- the fields in our area have problems with diseases, pests, low pH or salinity levels, then not all varieties can thrive. Some varieties are tolerant to some of those factors, while others are not. Most producers prefer to buy and transplant seedlings aged from 3-6 weeks. At this point, they have developed 1-3 true leaves. Grafting is a commonly used technique by which we join together parts from two different plants, so that they will grow as a single plant. The upper part of the first plant is called scion and grows on the root system of the second plant, which is called rootstock. Eventually, we have a plant that combines all the advantages of its different components. Some producers prefer to grow from seed both the rootstock plant and the scion. Then, they perform the grafting by themselves, while others buy certified grafted seedlings from legitimate sellers. Some commonly used seedlings nowadays are hybrids of Cucumis melo L grafted on C. maxima × C. moschata. Melons thrive best in rich, slightly sandy soils with pH levels from 6 to 6,5. They do not like soggy soils. Heavy clay soils with poor drainage and aeration should be avoided. Melon farming requires extensive soil preparation before planting, in order to be profitable and lead to high yields. The basic soil preparation starts about 3 months before transplanting melon seedlings. Farmers plow well at that time. Plowing improves soil aeration and drainage. At the same time, plowing removes rocks and other undesirable materials from the soil. One week before planting, many farmers apply a pre-planting fertilizer such as manure or synthetic commercial fertilizer, always after consulting a local licensed agronomist. Since melon plants need a lot of space to grow, farmers plant them at predefined distances. Consequently, there is no reason to apply the pre-planting fertilizer to the entire field. A good technique is to mark the areas you are going to plant and then apply the fertilizer towards the lines. The next day is probably the right time to install the drip irrigation pipes. Following the installation, some farmers can apply soil disinfection substances through the irrigation system, in case soil analysis has revealed soil infection problems (ask a licensed agronomist in your area). The next and most important step (especially in countries with non optimum soil temperature during the planting period) is the linear polyethylene coating. Many producers cover the rows with black or green Infrared- Transmitting (IRT) or black plastic film. They use this technique, in order to maintain the root zone temperature at optimum levels ( >18°C or 64°F) and prevent weeds from growing. In this way, the plant growth is boosted, while weeds are controlled effectively. In many cases, the most suitable period to plant melons outdoors, is during the second half of spring. At that time, the danger of frost has passed in most cases. Farmers generally prefer plants aged from 3 to 6 weeks. At this point they have developed 1 to 3 true leaves. After all the preparation steps that started months before planting (plowing, basic fertilization, tillage, installation of the irrigation system and plastic film covering), we can proceed with transplanting. Growers label the exact points on the polyethylene plastic where they will plant the young plants. They then dig holes on the plastic and plant the seedlings. It is important to plant the seedlings at the same depth as they were at the nursery. As far as the planting distances are concerned, a commonly used pattern for medium sized varieties is 0,4 to 0,6 m (1,3 to 2 feet) distance between plants on the row and 1,5 to 2,2 m (5 to 7.2 feet) distance between rows. This pattern will give us 5000-10000 plants per hectare. (1 hectare = 2,47 acres = 10.000 square meters). The distances and the number of plants depend on the melon variety, environmental conditions and of course the desired melon size that is always dictated by the market. Due to the fact that in non tropical countries, even in spring, there is always danger for frost or heavy rain, most producers protect young plants with low tunnels coverage. Right after planting, they create tunnels of 50 cm (1.6 feet) height, using plastic or iron support struts and white plastic covers. In a few words, they create tiny greenhouses so as to maintain the desired microclima and protect the young seedlings from harmful factors (weather and is some cases pests). Approximately 20 – 30 days later (depending on the weather conditions), they start to gradually rip the cover, so as to facilitate pollination. Some melon producers prefer to prune their plants, while others claim that pruning delays the development and fruit set of the plant. Those who prune their plants, remove most of the peripheral veins of the plant early, during the first stages of development, when it only has 3-4 veins. Pruning has been reported to promote the growth of female flowers and accelerates maturity in some cases. Some producers prefer to remove excess foliage that prevents proper aeration, during the entire growing period. In this way, they protect the plant from humidity favored infections like Powdery Mildew. However, other researchers claim that removing foliage from the melon plant results in less tasty fruits. According to Iowa State University, melon water requirements during dry weather, range from 1 to 2 inches (25mm-50mm) of water every 7 to 10 days. Of course, the water requirements can be totally different under different weather and soil conditions. For example, high atmosphere humidity or rainy days may not require irrigation sessions at all. On the other hand, a dry day with very high temperature may require one irrigation session per day. Many producers in Mediterranean countries prefer to irrigate their melons for 10 minutes, every other day during their first stages. They decrease irrigation sessions to half, as the fruit approaches maturity. Finally, they reduce further the supplied water, and almost stop irrigation during the last stages of maturity. Excess water at these stages will cause the fruit to be watery and tasteless with a characteristic white heart, because of the lower sugars content. However, there is a considerable number of producers who prefer not to decrease the irrigation application during the maturity levels. They do this because the plants continue to set new fruits. In some states of the USA, commercial melon producers provide on average 25mm-50mm (1-2 inches) of water per week. Many producers prefer to irrigate their melons early in the morning in order to minimise risk of foliage diseases. Generally, muskmelons have high water requirements, but watering the foliage has been linked with diseases outbreaks. Excess humidity in general may favor the development of pathogens such as Powdery Mildew. On the other hand, water-stressed plants are more susceptible to diseases. The most commonly used irrigation system is drip irrigation. Pollen grains produced by melon flowers are relatively heavy and cannot be adequately transferred by wind. Fruit setting relies on the activity of bees and other beneficial insects who distribute pollen. In large commercial melon farms, placing 2-3 strong bee hives per hectare at the time before flowering is almost necessary. We shall avoid using insecticides harmful to bees. If the use of some insecticides cannot be avoided, growers prefer to apply them on specific hours, for example late in the evening (ask a local licensed agronomist). The most commonly used fertilization method is called “fertigation” (fertilization + irrigation). Farmers inject water soluble fertilizers inside the drip irrigation system. In this way, they can provide the nutrients gradually and give the plant the proper time to absorb them. Fertigation generally starts about two to three weeks after transplanting melon seedlings. Many farmers apply a pre-planting fertilization such as well rotted manure towards the rows one week before planting and start the fertigation by applying a Ca(NO₃)₂ fertilizer about two weeks after transplanting. During the next irrigation sessions, they apply a Nitrogen- Phosphorus- Potassium 12-48-8 fertilizer, enriched with trace elements (micronutrients). In many cases, micronutrients make it easier for plants to overcome any stress conditions caused by transplanting. During the flowering stages, some producers provide their melons with Calcium fertilizers in order to facilitate optimum pollination, although this technique has been questioned. Other farmers report that applying Potassium Nitrate at flowering stage has been found to be beneficial. When melons start the fruit setting procedure, some melon farmers start applying a Nitrogen- Phosphorus- Potassium 20-20-20 fertilizer. They continue the 20-20-20 until the fruit reaches ⅔ of its final weight. From this point onwards, they start providing melons with KNO3 . At the final maturity stage, they change to ‎Κ₂SO4. At these stages, plants normally have greater needs for Potassium in order to create big, well shaped fruits. Keep in mind that melon plants often suffer from Magnesium deficiencies. In this case, farmers apply Magnesium Sulfate or Magnesium Oxide. Most melon varieties reach their full maturity and are ready to be harvested 78 to 90 days after transplanting. When they are ready for harvesting, in most cases we notice a yellow spot on their skin on the surface that is in-touch with the soil. Furthermore, we can observe rind colour changes, increased aroma or an easiness of the fruit to slip from the vein. Due to the differientations in pollination time, not all melons mature at the same time. Thus, we may have to harvest the same field more than one times. Melons can only be harvested by hand. We must be cautious to cut and not pull the melon. After harvesting, melons are often washed and stored in cool temperature. Melon producers report that they can produce 15-50 tons of melons per hectare. According to Iowa State University, in large commercial melon farms of the United States, reported yields varied from 20.000 to 53.000 lbs per acre. (1 hectare = 2,47 acres = 10.000 square meters and 1 ton = 1000 kg = 2.200 lbs.) The yield depends on the variety of the melon plant, it’s general health during the growing period, the planting distances and the environmental conditions. In commercial melon farms, we may expect to harvest 2 or even 3 full size melons per plant. The first precaution against pests and diseases is always crop rotation. The second is to purchase only certified and disease free seeds and seedlings. Aphids Aphids suck the sap and cause the plant to weaken. Leaves start to curl and shrink. Furthermore, aphids transmit several virus diseases. A good technique is to constantly monitor their population using pheromone traps. If the number is over the tolerable limits, then you can consider to intervene, always after the advice of a local licensed agronomist. There are biological as well as chemical solutions on the market, which of course should always be used under GAP standards and the supervision of a local licensed agronomist Cucumber beetle There are 2 types of cucumber beetles that affect melon plants. 1 The striped cucumber beetle, Acalymma vittata,and 2 the spotted cucumber beetle Diabrotica undecimpunctata howardi. They appear very often in the United States and Southern Canada. The adult beetles chew the foliage, flowers, and the fruit of the melon, causing serious damage. However the damages these beetles cause are not only tissue injuries from chewing. They also transmit a dangerous pathogenic bacterium called Erwinia tracheiphila. This bacterium causes one of the most threatening diseases of melons. It causes bacterial wilt of cucurbits. Furthermore, they transmit squash mosaic virus, which is responsible for the squash mosaic, another major disease of melons and squash. Flea beetles Flea beetles (Epitrix spp.) are small insects brown to black coloured that cause problems in many Cucurbitaceae. They dig small holes on the foliage that give a characteristic “gun shot” appearance. Furthermore, in many cases plant growth may be reduced. If we do not control the attack, the extended injuries may cause the death of the plant. Anthracnose is a disease that causes serious damages mostly on leaves. It is caused by the fungus Colletotrichum lagenarium. Cool and wet weather favors the fungus spores. Dry and hot weather conditions stop the cycle of the disease, which will continue again when weather conditions will be optimal. Symptoms appear primarily on the older leaves, causing brown necrotic spots. We may also observe these damages on stems, flowers and fruits. Anthracnose control begins with proper precautionary measures. These include: weed control and proper distances between plants, along with proper pruning for optimal aeration. The proper nutrient and water levels of the plants can also boost their immunity. Chemical treatment is used only if the problem is severe and always under supervision from a local licensed agronomist. Alternaria leaf blight Alternaria leaf blight is a disease caused by a species of the fungus Alternaria such as Alternaria cucumerina. The infection is favoured by high temperatures combined with high humidity levels. Symptoms begin with the observation of characteristic spots on the oldest leaves. These spots will become necrotic lesions on leaves as the disease progresses. During the last stages, the entire leave will eventually die. Powdery Mildew is caused by many different species of fungi. However Erysiphe cichoracacearum and Podosphaera xanthii appear to be the most common ones. We can actually see a white powdery mildew on the leaves. As the powdery mildew moves through the vessels, leaves tend to become brown and eventually die. We must always disinfect our tools after we have handled an infected plant, in order to prevent the infection from spreading to healthy plants. Verticillium wilt Verticillium wilt is a disease caused by the fungus Verticillium dahliae. The pathogen can survive many years in the soil and may affect the plants at any time. Infection is favored by cool or mild weather, which explains why symptoms are usually observed during spring. Verticillium control begins with proper precautionary measures similar to those in Anthracnose. In addition, we shall avoid planting melons in areas where other susceptible crops were grown previously. Cucumber mosaic Cucumber mosaic is a disease caused by Cucumber mosaic virus (CMV), usually transmitted by aphids. Symptoms include curling of the foliage. In most cases, the latter has already developed a characteristic yellow mosaic on it. We may also observe smaller leaves than those on healthy plants. Flowers can also be affected. Their petals may turn green and distorted. Management includes the control of aphids population on the field and hygiene measures such as tools disinfection and destroying of infected plants. Check out Melon and Watermelon Bulk Prices"
https://wikifarmer.com/interesting-facts-about-melon-plant/,10/19/2023 20:04,Interesting Facts about Melon Plant
https://wikifarmer.com/growing-melons-backyard/,10/19/2023 20:04,"Growing Melons Backyard – All you need to know More and more people like to grow their own fruits and vegetables for hobby, self-satisfaction and in order to control what they eat. However growing fruits and vegetables in your backyard has some risks, do’s and there are some things you certainly need to avoid. Things to consider when growing melons in your garden: Technically, the word melon refers to any member of the family of Cucurbitaceae, however, most people with the term melon refer specifically to Cucumis melo. Check Out Musk Melon Prices per kg and Suppliers backyard cantaloupe Cucumis melo L. muskmelon"
https://wikifarmer.com/how-to-grow-cauliflower-for-profit-commercial-cauliflower-farming/,10/19/2023 20:04,"How to Grow Cauliflower for Profit – Commercial Cauliflower Farming Summary of Cauliflower Growing Guide How to Grow Cauliflower from Seed – How to produce cauliflower seedlings Cauliflower Climate and Soil Requirements – Where to grow cauliflower. Cauliflower Soil Preparation Cauliflower Planting and Plant Spacing – Cauliflower Plants per hectare Cauliflower Water Requirements and Irrigation Systems Cauliflower Fertilization Requirements Cauliflower Weed Management Cauliflower Harvesting – How and When to Collect Cauliflowers Cauliflower yields her hectare and acre. Cauliflower Pests and Diseases Growing Cauliflower outdoors –if done, rationally, and on a scalable basis- can be a good source of income. In a few words, most commercial cauliflower growers start the crop from seeds (hybrids) in an indoor protected environment. As they wait for the young seedlings to grow and be ready for transplanting (usually 30 days), they prepare the field. They till the land, they remove any previous cultivation remains and weeds and integrate into the soil the basal fertilization combined with well-digested manure. They also design and place the drip irrigation system. When they are ready for transplanting, they make small holes in the soil, where they plant the seedlings. Fertilization, Drip Irrigation, and Weed Management are applied in most cases. Most commercial cauliflower varieties can be harvested 60-150 days after transplanting. Time from Planting to Harvesting depends on the variety, climate conditions, and the age of the seedlings planted. Harvesting can be made through hand scissors or knives and is typically performed in multiple sessions. This happens because farmers often proceed to continuous planting in order to match continuous demand. After harvesting, cauliflower growers plow and destroy the remains of the crop. They may also rotate the crop (with plants that do not belong in Brassicaceae family), to control diseases and prevent soil from depleting. The restrictive factor when growing cauliflower is always the climate. The plant prefers mild temperatures to thrive and form flower-heads, which is our primary goal. It is susceptible to frost as it starts to have problems in low temperatures. Additionally, high temperatures also cause problems, especially to the heads, which begin to change their color or (even worse) bloom. As optimum temperatures, we consider those between 14 and 20°C (57-68℉); however, some varieties can tolerate up to 30°C (86 °F) for a short period. First of all, it is crucial to decide the growing method, as well as Cauliflower varieties that thrive in your area. There are two methods to grow cauliflower: seeding directly into the field and seeding in a nursery and then transplanting. Broadly speaking, professional farmers do not prefer to sow cauliflower seeds directly on the field for various reasons. First of all, cauliflower seeds are tiny, and seeding outdoors will lead to uneven sowing. Besides, when little cauliflower plants appear on the ground, they become most often a feed for snails and other soil pests. However, if you insist on sowing your cauliflower seeds directly outdoors, the most suitable period to do it is probably either in spring or in autumn. If you begin in spring, cauliflowers will be ready for harvesting during summer. If you start in autumn, they will be ready for harvesting during winter. All you have to do, after preparing the field, is to create rows at 70-80cm (27.5-31.5inches) distance one from another and dig holes at distances 20-40cm (7.9-15.7 inches) inside the row. Then, you can sow 3-4 seeds in every hole at 0.5-1.5 cm (0.2-0.6 inch) depth and gently cover with soil. You can irrigate immediately after sowing. Cauliflower germinates best at 26 °C (80 °F) temperature on average. The seed needs to have optimum moisture levels to sprout. Over irrigation can be harmful. Some producers water every other day during this stage. Under optimum conditions, cauliflower seeds germinate in 8-10 days. After germination, you will most probably need to thin the plants. In case more than one seed has sprouted, you will have to remove all but the healthiest one from every sowing position. On average, you will need 1kg (2.2pounds) of seeds per hectare. Keep in mind that each grammar (0.034 oz.) of cauliflower seeds contains, on average, 270-320 cauliflower seeds. Most commercial cauliflower growers start the crop from seeds (hybrids) in an indoor protected environment. Growers sow cauliflower seeds in seedbeds under controlled temperature at 20-30°C (68-86°F) and then transplant them into their final positions. They sow 2-3 seeds in every pot at 1cm (0.4inch) depth and gently cover with soil. They often use turf as a substrate for optimum aeration. It is crucial to maintain the substrate moist but not wet until the seed sprouts. Seeds will approximately germinate in 8-10 days, and the seedlings will be ready for transplanting after 30 days on average (3-5 weeks). By then, they will have developed 3-5 real leaves, and they will have an average height of 12 cm (4.7 inches). Cauliflower is a cool-season vegetable. It can sometimes tolerate temperatures slightly below 4°C (39°F) without a problem. As preferable air temperatures for cauliflower farming, we consider those between 14 and 20°C (57-28°F). If the cauliflower plant experiences higher temperatures during its first growth stages, it will most probably start to perform intense stem growth and will delay the formation of the flower heads. At temperatures over 20°C (68°F), the plant starts to form leafy curds. This is something we have to avoid. Temperatures over 26 °C (78.8°F) will probably cause the heads to change color and bloom, decreasing their quality and commercial value. However, nowadays we have hybrid cauliflower varieties that are genetically programmed to tolerate temperatures up to 37°C (99°F). Cauliflower can grow in a wide variety of soils. It grows best in slightly acidic soils (pH around 6.5). The plants have middle tolerance to high soil and water salinity levels. Although cauliflower plants love the sun, you should know that in most cases customers prefer white heads instead of slightly yellow ones. Thus, many farmers tie some outer leaves on the curds to prevent them from turning yellow. The basic soil preparation starts a couple of weeks before transplanting the cauliflower seedlings. Farmers plow well at that time. Plowing improves soil aeration and drainage. At the same time, plowing removes rocks and other undesirable materials from the soil. When it comes to planting cauliflower seedlings in the field, there are two main periods to choose from. The first period begins with planting during spring, so that cauliflowers will be ready for harvesting during summer. The second period includes planting in autumn and harvesting during winter. In many cases, the most suitable period to plant cauliflower outdoors is during autumn. However, you should have in mind that in this case, the plants will need to come through vernalization to be able to form the heads. Farmers generally prefer plants aged from 3 to 5 weeks. At this point, they have developed 3-5 real leaves and have an average height of 12 cm (4.7 inches). Growers plant cauliflowers either in single or twin rows. For single rows, they keep 20-40cm (7.9-15.7 inches) distance between plants on the row and 40-90cm (15.7-35.4 inches) distance between rows. For twin rows, they keep 1m (39 inches) distance between one couple of rows from another and 30 cm (11.8 inches) between individuals in a couple of plants. Plants are placed again in distances of 20-40 cm (7.8-15.7 inches) on the rows. In most cases, farmers plant 25000-45000 plants per hectare. (1 hectare = 2,47 acres = 10.000 square meters). There are cases in which the plant population of cauliflowers in a hectare can be 20.000 or 50.000 (overcrowded). The distances and the number of plants depend on the cauliflower variety, environmental conditions, and of course, the desired cauliflower size that is always dictated by the market. Cauliflower can not generally tolerate drought; the quality of the final product will be significantly decreased under water-stressed conditions. Thus, most producers irrigate their plants regularly even during winter. On the other hand, excess water may cause root rot, which leads to the entire plant collapse, and significant yield losses. Cauliflower can collapse in 2-3 days under water-soaked conditions. The most crucial periods when it comes to cauliflower irrigation is first during the first stage until the seeds sprout and secondly during the flowery head formation. Most producers irrigate their plants, providing frequent amounts of water every other day. They provide small amounts of water during the first stages and increase them periodically, as the plant grows. During summer, irrigation sessions may have to be increased to one every day. Of course, water requirements can be different under different weather and soil conditions. For example, heavy clay soils usually need less irrigation than sandy soil. Different cauliflower varieties may also have different water requirements. The most commonly used irrigation system in commercial cauliflower farming is drip irrigation. Cauliflower plant demands heavy fertilization to thrive and produce a well-formed head. Thus, it is considered a hungry crop. In fact, for the production of 20 tons per hectare, some farmers may need to add 120kg of N, 50kg of P2O5, and 200kg of K2O. In many cases, producers start with basal fertilization. They integrate into the soil one-third of the total Nitrogen and the entire amount of K and P. They may also apply 25-40 tons of well-digested manure per hectare. Then, they continue by adding the rest of the Nitrogen divided into two applications. The first application takes place a week after transplanting and the second 1 month after the first one. Some experienced farmers suggest a well-balanced slow release fertilizer, consisting of essential nutrients, such as Nitrogen (N), Phosphorus (P) and Potassium (K) (e.g. 20-20-20), in the form of granules. We can add the granular fertilizers directly to the soil surface and irrigate. The granules must not directly touch the young plants, because there is a risk of burning them. However, most cauliflower farmers choose the method of fertigation (injection of water-soluble fertilizers inside the drip irrigation system). In this case, they can apply different rates of fertilizers for each day. Cauliflower’s growth is divided into three periods. The first period starts from transplanting (day 1) until day 45. During this period, they apply on average 1kg of N, 1 kg of P2O5 and 1 kg of K2O per hectare per day. The second period starts from day 46 and ends on day 70. During this period, they increase rates and they apply on average 3kg of N, 1,5 kg of P2O5 and 3 kg of K2O per hectare per day. The third period starts from day 71 and ends with the harvest. During this period, they apply on average 0,75kg of N and 1 kg of K2O per hectare per day. An important growing technique in cauliflower farming is weed management. Cauliflower often suffers from weeds during the first stage of their growth. Weeds compete with young plants in terms of space, access to sunlight, water and nutrients. All cauliflower growers must have a sound weed control strategy. This may differ significantly between countries, law framework, the means of production, and the industry in which the product targets. Manual weed control every week is almost necessary in some cases (organic production). When the cauliflower has grown enough, weeds are not a major problem. The majority of cauliflowers are ready for harvesting 60-150 days after transplanting. However, harvest time mainly depends on their variety, as well as on environmental conditions. We can harvest cauliflowers by the time the heads have reached the suitable size of their variety. The heads should be compact and have a uniform color. Harvest is done manually with scissors or knives during the evening. Otherwise, the sunlight may cause curd sunburns and foliage wilting. Producers cut the curds together with 3-4 inner leaves around them. Delayed harvest can significantly reduce quality, as there is a risk of heads to turn loose and yellow. A good yield would be 20-40 tons per hectare (17.851,2- 35.702,3 pounds per acre) or 25.000 curds. Keep in mind that 1 hectare = 2,47 acres = 10.000 square meters. The weight of each head depends on the variety and growing conditions. These yields can be achieved by experienced cauliflower farmers after years of experience. Cauliflower farming can indeed provide significant profits. In recent years, there is an increased demand for cauliflower in countries of Southern Europe and the Mediterranean region. Cauliflower Physiological Anomalies – Common cauliflower problems Sunburn Cauliflower heads are sensitive to sunburns. The plant protects itself by covering the curds with inner foliage. However, some varieties lack this inner protective foliage, and producers take action, by covering heads with leaves of the outer foliage. Predators are also being used. Beet armyworm Spodoptera exiqua is one of the most serious cauliflower pests. Larvae of the pest create holes on foliage to feed, causing the leaves to wilt and die. Once the crop has been attacked, management is more complicated. Since pests develop immunity against pesticides easily, the best method to control them is through biological management. Downy mildew is a disease caused by the pathogen Hyaloperonospora parasitica. The infection is favored by moist conditions causing characteristic chlorotic spots on the upper foliage surface, combined with a downy mold on the underside. Heads are also infected as they form brown necrotic spots on them. The disease is dangerous as it leads to significant yield losses. Disease control begins with proper precautionary measures. These include weed control and proper distances between plants, adequate drainage, and avoidance of foliar irrigation. The general condition of the plants (nutrients and water level, sun exposure) can also boost their immunity. Chemical treatment is used only if the problem is severe and always under supervision from a local licensed agronomist. It is also crucial to use proper sanitation, such as tools disinfection every time we touch the plants. Alternaria is a serious disease favored by increased soil moisture conditions. The fungus Alternaria brassicae causes the disease. The pathogen infects all parts of the plant above the soil. The most characteristic symptom of the disease is brown necrotic spots on the upper surface of the flower heads. Excess irrigation accelerates the disease cycle. Check out Wholesale Cauliflower Market – Suppliers and Prices In fact, for the production of 20 tons per hectare, some farmers may need to add 120kg of N, 50kg of P2O5 , and 200kg of K2O However, most cauliflower farmers choose the method of fertigation (injection of water-soluble fertilizers inside the drip irrigation system). In this case, they can apply different rates of fertilizers for each day. Cauliflower’s growth is divided into three periods. The first period starts from transplanting (day 1) until day 45. During this period, they apply on average 1kg of N, 1 kg of P2O5 and 1 kg of K2O per hectare per day. The second period starts from day 46 and ends on day 70. During this period, they increase rates and they apply on average 3kg of N, 1,5 kg of P2O5 and 3 kg of K2O per hectare per day. The third period starts from day 71 and ends with the harvest. During this period, they apply on average 0,75kg of N and 1 kg of K2O per hectare per day. Spodoptera exiqua Downy mildew is a disease caused by the pathogen Hyaloperonospora parasitica causes the disease. The pathogen infects all parts of the plant above the soil. The most characteristic symptom of the disease is brown necrotic spots on the upper surface of the flower heads. Excess irrigation accelerates the disease cycle. cauliflower farming profit - cauliflower cultivation ppt - cauliflower crop duration - cauliflower plants per acre -problems with growing cauliflower - how to grow cauliflower from seeds"
https://wikifarmer.com/how-to-grow-broccoli-for-profit-broccoli-commercial-farming/,10/19/2023 20:04,"How to Grow Broccoli for Profit – Broccoli Commercial Farming Summary of Broccoli Growing Guide How to Grow Broccoli from Seed – How to make Broccoli seedlings Broccoli Climate and Soil Requirements- Where can Broccoli grow? Broccoli Soil Preparation Broccoli Planting and Plant Spacing – How many Broccoli Plants per hectare? Broccoli Water Requirements and Irrigation Systems Broccoli Fertilization Requirements- How to grow healthy and thriving Broccoli Broccoli Weed Management Broccoli Harvesting Broccoli Yield per Hectare Broccoli Pests and Diseases Growing Broccoli outdoors –if done, rationally, and on a scalable basis- can be a good source of income. In a few words, Broccoli is a biennial plant but we grow it as an annual. Broccoli is grown for its flower heads, which people consume when they are still immature. Most commercial Broccoli growers start the crop from seeds (hybrid seeds in most cases) in an indoor protected environment. As they wait for the young seedlings to grow and be ready for transplanting (usually 30 days), they prepare the field. They till the land, they remove any previous cultivation remains and weeds and integrate into the soil the basal fertilization combined with well-digested manure. They also design and build a drip irrigation system. When they are ready for transplanting, they make small holes in the soil, where they plant the seedlings. Fertilization, Drip Irrigation, and Weed Management are applied in most cases. Most commercial broccoli varieties can be harvested 60-90 days after transplanting. Time from Planting to Harvesting depends on the variety, climate conditions, and the age of the seedlings. Harvesting can be made through hand scissors or knives and is usually performed in multiple sessions, in case growers have made continuous plantings. Contrary to cauliflower, each broccoli plant can yield more than one head. After harvesting, Broccoli growers plow and destroy the remaining of the crop. They may also rotate the crop (with plants that do not belong in Brassicaceae family), to control diseases and prevent soil from depleting. The restrictive factor when growing Broccoli is always the climate. The plant prefers mild temperatures to thrive and form flower-heads, which is our primary goal. It is sensitive to frost, and it starts to have problems in temperatures under 0°C (32°F). Additionally, high temperatures also cause problems, especially to heads that begin to bloom. As optimum temperatures, we consider average temperatures of 10-20°C (50-68 ℉); however, some hybrid varieties can tolerate up to 30°C (86 °F) for a short period. If we want to achieve an average yield, our broccoli plants should mature and give heads either before or after hot weather and intense heat arrive. First of all, it is crucial to decide the growing method as well as the varieties of broccoli that thrive in our area. There are four main divisions of Broccoli. Each of the four main broccoli types has different characteristics and climate preferences and are: In general, commercial broccoli farmers do not prefer to sow broccoli seeds directly in the field for various reasons. First of all, broccoli seeds are tiny, and broadcast seeding will result in uneven sowing. Besides, when little broccoli plants appear on the ground, they often become a feed for snails and other soil pests. However, if you insist on sowing your broccoli seeds directly outdoors, the most suitable period to do it is probably either in early spring or in autumn. If you plant them in spring, they will be ready for harvesting during summer. On the other hand, autumn planting will give your broccolis ready for harvesting during winter. After preparing the field, farmers create rows at 70-80cm (27.5-31.5inches) distance one from another. Then, they dig holes at distances of 46cm (18 inches) on the rows. Subsequently, you may sow 3-4 seeds in every hole at 1cm (0.4inch) depth and gently cover with soil. You can irrigate immediately after seeding. Broccoli germinates best at a temperature of 20-25 °C (68-77 °F). The seed needs to have optimum moisture levels to sprout. Excessive irrigation can be harmful. Some producers water every other day during this stage. Under optimum conditions, broccoli seeds germinate in 6-10 days. After germination, you will most probably need to thin the plants. In case more than one seed has sprouted, you will have to remove all but the healthiest one from every sowing position. Keep in mind that every grammar contains 300-350 broccoli seeds. On average, you will need 1kg (2.2 pounds) of seed per hectare for direct seeding. Keep also in mind that 1 hectare = 2,47 acres = 10.000 square meters. However, most commercial broccoli growers start the crop from seeds (hybrids) in an indoor protected environment. Growers sow broccoli seeds in seedbeds under controlled temperature of 20-30°C (68-86°F) and then transplant them into their final positions. They sow 2-3 seeds in every pot at 1cm (0.4 inches) depth and gently cover with soil. They use about 300-400gr of seeds for every hectare of outdoor plantation. They often use turf as a substrate for optimum aeration. It is crucial to maintain the substrate moist but not wet until the seed sprouts. Seeds will approximately germinate in 6-10 days, and the seedlings will be ready for transplanting after 25-40 days (4-6 weeks). By then, they will have developed 3-5 real leaves, and they will have an average height of 12 cm (4.7 inches). Broccoli is natively a cool-season vegetable. As optimum temperatures for broccoli development, we consider those between 10 and 20°C (50-68°F). If the broccoli plant experiences higher temperatures during its first growth stages, it will most probably start to perform intense stem growth and will delay the formation of the flower heads. At temperatures over 20°C (68°F), the plant starts to form leafy curds. This is something we have to avoid. Temperatures over 26 °C (78.8°F) will probably cause the heads to bloom, decreasing their quality and commercial value. However, nowadays we have hybrid broccoli varieties that are genetically programmed to tolerate temperatures up to 37°C (99°F) for a short period. Broccoli can grow in a wide variety of soils. Although it grows best in slightly acidic soils (pH 6 to 6,5), farmers are sometimes recommended to grow it in neutral to slightly alkaline soils. The reason is that in slightly alkaline pH, we may avoid the development of root cancer or (“clubroot”). The pathogen Plasmodiophora brassicae causes the clubroot. It prefers acidic soils but it can be restrained to pH above 7. The plants have middle tolerance in soil and water high salinity levels. The basic soil preparation starts some weeks before transplanting broccoli seedlings. Farmers plow well at that time. Plowing improves soil aeration and drainage. At the same time, farmers remove rocks and other undesirable materials from the soil. One week before planting, many farmers apply a pre-planting fertilizer, such as well-rotted manure or synthetic commercial slow-release fertilizer, always after consulting a local licensed agronomist. Many farmers integrate manure using tractors. The next day is probably the right time to install the drip irrigation system. Following the installation, some farmers can apply soil disinfection substances. They inject them through the irrigation system, in case soil analysis has revealed soil infection problems (ask a licensed agronomist in your area). When it comes to planting broccoli seedlings in the field, there are two main periods to choose from. The first period begins with planting during early spring, so that broccoli will be ready for harvesting during early summer. The second period includes planting in autumn and in this case harvesting takes place during winter. In many cases, the most suitable period to plant broccoli outdoors is during autumn. Farmers generally prefer plants aged from 3 to 5 weeks. At this point, they have developed 3-5 real leaves and have an average height of 12 cm (4.7 inches). After all the preparation steps (plowing, basal fertilization, tillage, and installation of the irrigation system), we can proceed with transplanting. Growers label the exact points where they will place the young plants. They then dig holes and plant the seedlings. It is crucial to plant the seedlings at the same depth as they were in the nursery. Many growers prefer to plant broccolis periodically every 2-3 weeks. They do so to be able to harvest broccolis periodically and thus cover the market demands. In most cases, growers plant broccolis in single rows. They keep 40-50 cm (16-20 inches) distance between plants on the row and 45-80 cm (18-31 inches) distance between the rows. In most cases, farmers plant 25000-40000 plants per hectare. (1 hectare = 2,47 acres = 10.000 square meters). There are cases in which the plant population of broccolis in a hectare can be 20.000 or 50.000 (overcrowded). The distances and the number of plants depend on the broccoli variety, environmental conditions, and of course, the desired broccoli size that is always dictated by the market. Broccoli plants can not generally tolerate drought; the quality of the final product will be significantly decreased under water-stressed conditions. Thus, most professional producers irrigate their plants regularly even during winter. On the other hand, excess water may cause root rot, which leads to the entire plant collapse, and significant yield losses. Broccoli can collapse in 2-3 days under water-soaked conditions. The most crucial periods when it comes to irrigation is first during the first stage until the seeds sprout and secondly during the flowery head formation. Most producers irrigate their plants, providing frequent amounts of water every other day. They provide small amounts of water during the first stages and increase them periodically, as the plant grows. During summer, irrigation sessions may have to be increased to one every day. Of course, water requirements can be different under different weather and soil conditions. The most commonly used irrigation system in commercial broccoli farming is drip irrigation. First of all, you have to take into consideration the soil condition of your field through semiannual or annual soil testing before applying any fertilization method. No two fields are the same. Nobody can advise you on fertilization methods, without taking into account your soil’s test data, tissue analysis, and crop history of your field. However, we will list the most common fertilization schemes used by a considerable number of farmers. In most cases, Broccoli demands heavy fertilization in order to thrive and produce more than one head per plant. Thus, it is considered a hungry crop. Many broccoli farmers apply a balanced fertilizer (N-P-K 20-20-20) at a total rate of 800kg per hectare throughout the growing period. They apply up to 400kg per hectare at transplanting or direct seeding, 200kg per hectare about 3-4 weeks later, and 200kg per hectare about 6 or 7 weeks after planting. We can add the granular fertilizers directly to the soil surface and irrigate. It is crucial that the granules don’t come in touch with the young plants, because there is a risk of burning them. Keep in mind that 1 hectare = 2,47 acres = 10.000 square meters. However, most broccoli farmers choose the method of fertigation (injection of water-soluble fertilizers inside the drip irrigation system). In this case, they can apply different rates of fertilizers for each day. However, these are just common patterns that should not be followed without doing your own research. Every field is different and has different needs. Checking the soil condition and pH is vital before applying any fertilization method. You can consult your local licensed agronomist. An important growing technique when growing Broccoli is weed management. Broccoli often suffers from weeds during the first stage of its development. Weeds compete with young plants in terms of space, access to sunlight, water, and nutrients. All broccoli growers must have a sound weed control strategy. The strategy may differ significantly between countries, law framework, means of production, the industry at which the product targets, etc. Manual weed control on a weekly basis is almost necessary in some cases (organic production). When the Broccoli has grown enough, weeds are not a major problem. The majority of Broccolis are ready for harvesting 60-90 days after transplanting. However, harvest time depends on their variety mainly, as well as on the environmental conditions. We harvest broccoli by the time the heads have reached the suitable size of their variety. Heads should be compact and have a uniform coloring. We normally harvest the main, central head first. The side heads normally mature afterward. In order to promote the growth of a second head after the first has been harvested, we can continue our normal fertilization and irrigation scheme. Harvest is done manually with scissors or knives during the evening. Otherwise, the sun may cause foliage wilting. Producers cut the heads free from leaves together with 10-15cm (0.4-0.6 inches) of the stem. Delayed harvest can significantly reduce quality, as there is a risk of heads to turn loose and yellow. Right after harvesting, the broccoli heads are normally cooled immediately. This way, farmers and traders can ensure the quality of broccoli heads for a couple of days or weeks. The storage temperature can be approximately 0 °C ( 32℉) and the relative humidity levels close to 95%. A good yield after years of experience would be 20 tons per hectare (1 hectare = 2,47 acres = 10.000 square meters). The weight of each plant depends on the variety and growing conditions. Broccoli farming, even though demanding, could offer significant profits. In recent years there is an increased demand for Broccoli in countries of Southern Europe and the Mediterranean. Over the past 25 years, there has been a 200% increase in US Broccoli production. Most common broccoli problems Pieris brassicae Pieris is a white caterpillar that attacks cruciferous plants. The larvae of the parasite feed on foliage, causing significant quality reduction and great yield losses. Once the cultivation has been attacked, management is more complicated. Since pests develop immunity against pesticides easily, the best method to control them is through biological management. Pheromone traps are a commonly used technique. They attract male insects preventing them from fertile females. Thus, traps somehow reduce their population. Cabbage Root Fly Delia radicum is one of the main broccoli pests. Newborn flies create tunnels on foliage to feed, causing the leaves to wilt and die. The pest attacks Broccoli late in spring or early summer. Once the crop has been attacked, management is more difficult. Since pests develop immunity against pesticides easily, the best method to control them is through biological management. Diseases Downy mildew is a fungal disease caused by the pathogen Hyaloperonospora brassicae. The disease is favored by moist and warm conditions causing characteristic chlorotic spots on the upper foliage surface, combined with downy mold on the underside. The disease is dangerous as it leads to significant yield losses. Disease control begins with proper precautionary measures. These include weed control and safe distances between plants, adequate drainage, and avoidance of foliar irrigation. The general condition of the plants (nutrients and water level, sun exposure) can also boost their immunity. Chemical treatment is used only if the problem is severe and always under supervision from a local licensed agronomist. It is also crucial to use proper sanitation, such as tools disinfection every time we touch the plants. Powdery mildew is a disease caused by the fungus Erysiphe cruciferarum and could turn very serious, as it leads to yield losses. Symptoms include chlorotic spots. Under optimum temperature and moisture conditions, a powdery layer resembling flour develops on the upper side of the foliage. Management includes the same methods used for downy mildew control. Alternaria is a serious disease favored by increased soil moisture conditions. The fungus Alternaria brassicae causes the disease. The pathogen infects all parts of the plant above the soil. Excess irrigation accelerates the disease cycle. Calabrian Romanesco Purple Broccoli can grow in a wide variety of soils. Although it grows best in slightly acidic soils (pH 6 to 6,5), farmers are sometimes recommended to grow it in neutral to slightly alkaline soils. The reason is that in slightly alkaline pH, we may avoid the development of root cancer or (“clubroot”). The pathogen Plasmodiophora brassicae causes the clubroot. It prefers acidic soils but it can be restrained to pH above 7. The plants have middle tolerance in soil and water high salinity levels. Delia radicum Downy mildew is a fungal disease caused by the pathogen Hyaloperonospora brassicae . The disease is favored by moist and warm conditions causing characteristic chlorotic spots on the upper foliage surface, combined with downy mold on the underside. The disease is dangerous as it leads to significant yield losses. Powdery mildew is a disease caused by the fungus Erysiphe cruciferarum and could turn very serious, as it leads to yield losses. Symptoms include chlorotic spots. Under optimum temperature and moisture conditions, a powdery layer resembling flour develops on the upper side of the foliage. Management includes the same methods used for downy mildew control. Alternaria is a serious disease favored by increased soil moisture conditions. The fungus Alternaria brassicae causes the disease. The pathogen infects all parts of the plant above the soil. Excess irrigation accelerates the disease cycle. Broccoli farming profit"
https://wikifarmer.com/how-to-easily-grow-cauliflower-at-home-backyard-cauliflower-growing/,10/19/2023 20:04,"How to Easily Grow Cauliflower at Home – Backyard Cauliflower Growing Cauliflower is considered a cool-season plant. If you grow them in warm areas, you shall know that flower heads will most probably start to bloom. This is, in general, an unpleasant situation, unless you prefer to end up with an ornamental, instead of a green vegetable! Thus, you may not grow them in areas with temperatures over 30 °C (86 °F). You can plant your cauliflower seedling either during autumn or spring; however, the best period in many cases is autumn in order to avoid high temperatures of early summer. In order to form flowery heads, cauliflower ideally needs temperatures close to 15-20°C (59 to 68 °F). Late Cauliflower varieties may need to come through a procedure called vernalization in order to be able to form the heads. This means they need to be exposed for some hours in temperatures of 7-12°C (44.6-53.6 °F). Early varieties do not normally have the same need. The easiest method to grow cauliflower is by transplanting the seedlings you bought from your local nursery. You can consider buying your plants from a legitimate seller to make sure they are disease-free and directly plant them into their final positions. All you have to do before transplanting is to remove any weeds, rocks, or other unwanted materials from the soil. You can plow the soil slightly in order to improve its texture. You can also add some well-digested manure or compost in order to increase soil’s nutrients. Then, you can transplant your cauliflower seedlings directly into the soil, keeping distances of 20-50 cm (7.9-19.7 inches) between plants in the row and 70-80 cm (27.5-31.5 inches) between rows. It is crucial to plant the seedlings in the same depth as they were in the nursery. After transplanting, you can irrigate immediately. Alternatively, you may consider starting your crop by sowing the seeds directly into the soil. You can buy your seeds from a legitimate seller to make sure they are disease-free and directly sow them in rows with an average distance of 70-80cm (27.5-31.5 inches) between them. A good period to start planting in most cases is no later than late summer. Before planting, you have to remove any weeds, rocks, or other unwanted materials from the soil. Then, you can plow it in order to improve its texture. You may also need to add some well-digested manure or compost to increase the soil’s nutrients. Then, you may dig small holes and sow 2-3 seeds directly into the ground at a depth of 1 cm. On average, you will need 1-1.5 grams of seed per 10 square meters. Cauliflower seeds generally germinate best at an average temperature of 26 °C (80°F). Cauliflower seeds sprout approximately in 8-10 days. After germination, you will have to thin the plants in case they all have sprouted, keeping only the healthier one in every sowing position. The plants you will finally keep should be at distances of 20-50 cm (7.8-19.6 inches) one from another inside the raw. Cauliflower is sensitive to drought, as it decreases their flowery heads’ quality significantly. Thus, you shall provide your plants with sufficient amounts of water. Most backyard farmers irrigate their cauliflower plants by providing small amounts of water every other day during the first stages. They maintain the soil moist until the seeds sprout and increase the amount ever since. However, during hot days, you may have to water once a day. Harvesting time depends on environmental conditions and cauliflower variety. Most cauliflower varieties are ready for harvesting 2-5 months (60 to 150 days) after transplanting. The right time to harvest a cauliflower for home use is when it has formed a compact head with an average diameter of 18 cm (7 inches) or less."
https://wikifarmer.com/cauliflower-plant-information-history-and-uses/,10/19/2023 20:04,"Cauliflower Plant Information, History and Uses Cauliflower is a cruciferous vegetable that belongs to the Brassicaceae family. Its biological cycle normally lasts two years, but we grow it as annual, because our purpose is to harvest the immature flower. Other commonly known members of this family are broccoli, Brussels sprouts, and cabbage. The scientific name of cauliflower is Brassica oleracea L var.botrytis and grows up to 0.5m (1.6 ft) height. The plant consists of a thick stem surrounded by leaves on top of which the curd grows. Cauliflower develops a central main flower- head (curd). The cauliflower head may be slightly convex or pyramid-shaped, depending on the variety. Cauliflower is similar to broccoli; however, they differ in many important details. Their main difference is that the flower – head of broccoli is looser than the head of cauliflower and develops more than one flower – heads. On the other hand, cauliflower develops only a central one. Cauliflower weight can range from 0,5 kg to over 2,5 kg (1,1 to 5,5 lbs.). Most mature cauliflowers, however, weigh from 0,5 to 1,5 kg (1,1 to 3,3 lbs.) The plant originated in the Mediterranean region. However, it became popular in China, India, Poland and many other countries. Nowadays, China is the largest cauliflower producer worldwide. India, Poland, Italy, and France also produce considerable quantities of cauliflower. Cauliflower is a cruciferous vegetable that belongs to the Brassicaceae family. Its biological cycle normally lasts two years, but we grow it as annual, because our purpose is to harvest the immature flower. Other commonly known members of this family are broccoli, Brussels sprouts, and cabbage. The scientific name of cauliflower is Brassica oleracea L var.botrytis and grows up to 0.5m (1.6 ft) height."
https://wikifarmer.com/how-to-grow-broccoli-at-home-backyard-broccoli-cultivation/,10/19/2023 20:04,"How to Grow Broccoli at Home – Backyard Broccoli Cultivation You can either grow your broccoli in your backyard or in pots, provided your containers have at least 45 cm (18 inches) width and height. However, growing fruits and vegetables at home may be risky. Here are some things you need to know. Broccoli Wholesale Market Broccoli is considered a cool-season plant. If you grow them in warm areas, you shall know that flower heads will most probably start to bloom. This is, in general, an unpleasant situation, unless you prefer to end up with an ornamental, instead of a green vegetable! Thus, you may not grow them in areas with temperatures over 30 °C (86 °F). If we want to achieve an average yield, our broccolis should mature and be harvested either before or after hot weather and intense heat arrives. You can plant your broccoli either during autumn or early spring; however, the most common period is autumn, so as to avoid early summers high temperature. To form flowery heads, broccoli needs temperatures close to 15-20°C (59-68°F) and plenty of sunlight. In case it grows under the shade, it delays the formation of flowery heads. The easiest method to grow broccoli is by transplanting the seedlings you bought from your local nursery. You can consider buying your plants from a legitimate seller to make sure they are disease-free and directly plant them into their final positions. All you have to do before transplanting is to remove any weeds, rocks, or other unwanted materials from the soil. You can plow the soil slightly in order to improve its texture. You can also add some well-rotted manure or compost. Then, you can transplant your broccoli seedlings directly into the soil, keeping distances of at least 45 cm (18 inches) between plants. It is crucial to plant the seedlings in the same depth as they were in the nursery. After transplanting, you can irrigate immediately. Alternatively, you may consider starting your crop by sowing the seeds directly into the soil. You can buy your seeds from a legitimate seller to make sure they have good germination and directly sow them in rows with an average distance of 50-80cm (20-31 inches) between them. A good period to start planting in most cases is no later than late summer. Before planting, you have to remove any weeds, rocks, or other unwanted materials from the soil. Then, you can plow it in order to improve its texture. You may also need to add some well-digested manure or compost to increase the soil’s fertility. Then, you may dig small holes and sow 2-3 seeds directly into the ground at a depth of 1 cm. On average, you will need 1-1.5 grams of seed per 10 square meters. Broccoli seeds sprout approximately in 8-10 days. After germination, you will have to thin the plants in case they all have sprouted, keeping only the healthier one in every sowing position. The plants you will finally keep should be at an average distance of 45 cm (18 inches) one from another inside the raw. In all cases, you may have to observe the crop nearly every day and protect young seedlings from snails. Broccoli is sensitive to drought, as it decreases the quality of their heads. Thus, you shall provide your plants with sufficient amounts of water. Most backyard farmers irrigate their plants by providing small amounts of water every other day during the first stages. They maintain the soil moist until the seeds sprout and increase the amount ever since. However, during hot days, you may have to water once a day. As a fertilization method, all you need is some manure or compost. The manure you may have integrated into the soil before planting will most probably be sufficient for the entire growing season. Harvesting time depends on environmental conditions and broccoli variety. Most broccoli varieties are ready for harvesting 2-3 months (60 to 90 days) after transplanting. The right time to harvest broccoli is when you see heads with compact green color and an average diameter of 9 cm (3.5 inches), depending on the variety. We generally cut them together with a 10cm stem and leaves. Cauliflower produces just one large head. On the other hand, broccoli produces central head and side shoots. Thus, broccoli allows for multiple harvesting sessions and constant supply. In order to promote the growth of a second head after the first has been harvested, you can continue to irrigate and add small doses of liquid fertilizer. Backyard gardening"
https://wikifarmer.com/fast-facts-about-broccoli/,10/19/2023 20:04,"Fast Facts about Broccoli This post is also available in: Español (Spanish) Français (French) Deutsch (German) Nederlands (Dutch) हिन्दी (Hindi) العربية (Arabic) Türkçe (Turkish) 简体中文 (Chinese (Simplified)) Русский (Russian) Italiano (Italian) Ελληνικά (Greek) Português (Portuguese (Brazil)) Over the past 25 years, there has been a 200% increase in US Broccoli production. Despite being a famous lover of burgers, US President Barack Obama, when asked by a child about his favorite food, answered Broccoli without hesitation. A decade ago, broccoli used to be strictly a cool-season vegetable, but contemporary broccoli hybrids allow farmers to seed nearly all year round in some areas. The scientific name of Broccoli is Brassica oleracea var. italica When we eat Broccoli, we eat a premature flower. Most experts believe that Broccoli originated in Italy. Ancient Greeks and Romans used to consume Broccoli regularly. Name “broccoli ” derives from the Italian Broccolo. China, India, Spain, Mexico, and the United States are the largest broccoli producers. Broccoli is a source of various nutrients and vitamins (K and C). Most varieties are ready for harvest 60-90 days after transplant. Broccoli can be consumed raw in salads or boiled as part of soups"
https://wikifarmer.com/leek-info-facts-nutritional-value-health-benefits/,10/19/2023 20:04,"Leek: Info, Facts, Nutritional Value & Health Benefits Leek Nutrition Facts Health benefits of raw leek Leek is a herbaceous, biennial plant that, in most cases, is cultivated as an annual crop. Its scientific name is Allium ampeloprasum var. porrum, and it belongs to the Alliaceae family, together with onion and garlic. Leek is also closely related to Chinese leek (Allium tuberosum Rottler), green onions, and elephant garlic (Allium ampeloprasum var. ampeloprasum). The plants are cultivated for their edible shank and leaves. Leeks are native to the Middle East and the eastern Mediterranean areas and have been consumed for almost 6,000 years. Nowadays, leeks are cultivated almost everywhere in the world, with Indonesia being the leading producer country with around 5 to 6 thousand tons of leeks annual production. Other worth mentioning leek producing countries are Turkey, Belgium, France, China, and Korea. Leek contains more protein and minerals and higher energy value than an onion and is rich in potassium and iron. Thanks to its high concentration of antioxidants like vitamins K and C, flavonoids, and β-carotene, the leek is considered to have remarkable pharmaceutical characteristics (anti-bacterial and anti-fungal activities) and its consumption (raw or cooked) has great benefits to human health. 100 gr of raw leeks contain: At the same time, 100 gr leeks can provide you with the following proportions of your daily vitamin needs. 21% Vitamin K 5% Vitamin A 5% Vitamin C 6% Iron 7% Vitamin B6 Some of the main health benefits of raw leek consumption are: Cancer Anticancer properties of leeks and other allium vegetables, like the sulfur-containing compounds, have been studied and published in the Journal of the National Cancer Institute. According to that research, men receiving the highest amount of allium vegetables had a lower risk of developing prostate cancer. Other studies have also shown that the same risk reduction is possible for stomach and colon cancers. Skin and Hair Leeks are a source of vitamin C . Vitamin C participates in collagen building which is responsible for the good health and structure of our skin and hair. Contribute to blood pressure reduction. Leeks are a source of potassium. According to studies, people who regularly consume increased amounts of potassium and, at the same time, have a poor sodium diet tend to have lower blood pressure levels. Diuretic properties Leeks may have a diuretic action on our bodies. They help water and sodium expelled from the body as urine. This is quite important, mainly for people who suffer from hypertension. https://ccfoph.org/wp-content/uploads/2021/01/40-Jan-Leeks-handout.pdf https://phcogcommn.org/wp-content/uploads/2021/08/PhcogCommn-11-1-9.pdf https://www.researchgate.net/profile/Erik-Bockstaele/publication/51095129_The_antioxidant_capacity_of_leek_Allium_ampeloprasum_var_porrum/links/0c9605194875b2bfd1000000/The-antioxidant-capacity-of-leek-Allium-ampeloprasum-var-porrum.pdf https://link.springer.com/chapter/10.1007/978-981-15-7470-2_16 https://www.nutritionvalue.org/Leeks%2C_without_salt%2C_drained%2C_boiled%2C_cooked%2C_%28bulb_and_lower_leaf-portion%29_nutritional_value.html?size=100+g 15 Interesting Facts about Leeks Leek Plant Information and Variety Selection Commercial Leek Farming – How to Grow Leeks for Profit Leek Soil Requirements, Soil Preparation, and Planting of Leek Leek Water Requirements and Irrigation Systems Leek Fertilization Requirements Leek Harvest, Yields and Storage Leek Pests, Diseases and Weed Control Leek is a herbaceous, biennial plant that, in most cases, is cultivated as an annual crop. Its scientific name is Allium ampeloprasum var. porrum, and it belongs to the Alliaceae family, together with onion and garlic. Leek is also closely related to Chinese leek (Allium tuberosum Rottler ), green onions, and elephant garlic ( Allium ampeloprasum var. ampeloprasum) . The plants are cultivated for their edible shank and leaves. Calories 31 Water 90.8 g Total Carbohydrate 7.6 g Total Fat 0.2 g Cholesterol 0 g Dietary Fiber 1 g Sugars 2.1 g Protein 0.8 g Potassium 87 mg Sodium 10mg Magnesium 14 mg Calcium 30 mg Anticancer properties Blood Pressure Reduction Boost skin and hair health leek nutrition facts leek nutritional value"
https://wikifarmer.com/how-to-grow-leeks-at-home/,10/19/2023 20:04,"How to Grow Leeks at Home More and more people like to grow their own fruits and vegetables as a hobby, for self-satisfaction, and in order to control what they eat. However, growing fruits and vegetables in your backyard have some risks, do’s and dont’s, and there are some things you certainly need to avoid. Things to consider when growing leeks: https://extension.umd.edu/resource/growing-leeks-home-garden https://extension.umn.edu/vegetables/growing-leeks https://extension.usu.edu/yardandgarden/research/leeks-in-the-garden Leek temperature requirements are medium. They need temperatures from 13°C to 25°C (55.4°F – 77°F) and plenty of sunlight to thrive. In most leek-producing countries, the best period to start cultivation is during the second half of spring. The easiest way to start your leek crop is by planting seeds directly in the ground. You can also plant them in pots, provided they have at least 30cm (12in) depth so the plant can grow vertically. Make sure to buy certified seeds from a legitimate seller. Otherwise, the germination rates will probably be low, and you will lose time. You can use turf as a substrate for optimum aeration. If you plan to grow more than one plant, leave at least 15 cm (6 inches) space between each plant. Make sure to keep the seeds moist until germination. Alternatively, you can buy young leek seedlings from a legitimate seller and directly dig them into the soil at 15 cm (6 inches) depth, leaving only the green part outside. Hand weeding is necessary before placing the seedlings to the ground but also throughout the planting season (especially during the first two months) because weeds can easily outcompete our plants. Be careful not to damage the sensitive and shallow roots of the leek plants. Mulching can be an effective weed control method. As the leeks grow, you may have to add more soil to cover the exposed white part of the plant. The longer, whiter, and more tender the white shank, the better the quality of the leek! Leeks generally have low tolerance in drought. On the other hand, they do not like soggy soil. Thus, you may avoid excessive irrigation. On average, leeks need irrigation three times a week. This, of course, is not a rule. Sandy soils may need more water as they cannot hold enough water close to the roots. On the other hand, heavy clay soils, where there is probably no proper drainage, may need less irrigation. Leek generally has medium demand for fertilization. When it comes to backyard cultivation, many growers prefer to apply well-rotted manure or compost as fertilization methods during the growing period to increase nitrogen and potassium in the soil. Alternatively, one application before planting and one side-dressing in early summer have been proven sufficient. Leeks mature and can be harvested 3-4 months after transplanting or 6 months after seed sowing by the time their stem is 3cm (1.18in) thick. Harvesting time depends on the produced method, the climate conditions, and the variety of the leeks. growing leek leek"
https://wikifarmer.com/growing-peppers-for-profit-pepper-and-chilies-farming/,10/19/2023 20:04,"How to commercially grow sweet peppers and chilies outdoors How to Grow Peppers From Seed How to Grow Peppers from Seedlings Soil Requirements and Preparation for Sweet Pepper and Chilies Farming Pepper Planting and Plant spacing – How many chilies to plant per hectare and acre Pepper Pruning – Do peppers need pruning? – How to prune peppers Pepper Plants Stacking Pepper Water Requirements and Irrigation Systems Pepper Pollination Pepper Weed Management Pepper Fertilization Requirements – Common Fertilization Programs in Chilies Farming Pepper Harvesting – How and when to harvest chilies Chilies Yields per hectare and acre – Yields in Pepper Farming Most common Pepper Nutrient Deficiencies Common Physiological Disorders on Peppers Common Pest and Diseases Sweet Pepper and Chilies Plant Common Diseases Growing peppers outdoors can be a good source of income. In a few words, pepper is a perennial plant, but growers, in most cases, treat it as an annual. Most commercial sweet pepper or chilies growers start the crop from seeds (hybrids) in an indoor protected environment. As they wait for the young seedlings to grow and be ready for transplanting, they prepare the soil. They till the land, they remove any previous cultivation remains, and they place a black plastic film through the rows. The black plastic film not only helps the soil become warmer but also controls weeds. They also design and set the drip irrigation system. When they are ready for transplanting, they make small holes in the plastic film, where they plant the seedlings. Fertilization, Drip Irrigation, and Weed Management are applied in most cases. Many growers stake the plants in order to support plant growth, improve aeration, and facilitate harvesting some weeks later. However, not all pepper plants need staking. Most commercial pepper varieties can be harvested 60-90 days after transplanting. Time from Planting to Harvesting depends on the variety, climate conditions, and the age of the seedlings planted. Harvesting can be made through hand scissors or knives and is typically performed in 1-2 sessions per week. Outdoor pepper growers may also use tractors for harvesting. After harvesting, pepper growers plow and destroy the remains of the crop. They may also rotate the crop (with cabbage, corn, legumes, and others), in order to control diseases and prevent soil depletion. The restrictive factor when growing peppers outdoors is always the temperature. The optimum temperature is 18-26 °C (64.4-78.8 °F). The plant needs day temperature close to 23 °C (73.4 °F) and night temperature close to 18 °C (64.4 °F) in order to produce pollen. Soil temperature should not fall below 18 °C (64.4 °F). Cold weather during the growth period will inhibit the plant’s growth. Shocked plants cannot recover easily. It is crucial to decide the growing method as well as the varieties of pepper that thrive in your area. There are two methods to grow peppers: Growing from seed or growing from seedlings. Peppers are warm-season crops. They need 2-3 months from transplanting to harvesting. Producers generally prefer to sow the seeds in seedbeds in 0.5-1 cm (0.2-0.4 inches) depth under controlled conditions and then transplant them into their final positions in the field. In case you plan to grow peppers from seed, there are some facts you need to know. Pepper seeds require at least 18 °C (64.4 °F) soil temperature in order to germinate. As optimum temperatures, we consider those between 20 and 30 °C (68-86 °F). It is vital for the seeds to have optimum moisture levels in order to sprout. Producers sow two seeds in every seeding pot and they use turf as a substrate for proper aeration and drainage. Furthermore, pepper seeds need to have on average relative humidity levels close to 70-75% in order to germinate. Excessive irrigation can be harmful. In some cases, the young seedlings may need a hardening period. Producers start to remove gradually the plants outdoors two weeks before transplanting. At first, they leave them out only for two hours, and periodically they increase the time of outdoor exposure. Farmers may also buy plants from a legitimate seller, or transplant seedlings they have grown from seeds by themselves. The right time to transplant the seedlings is when they have developed 5-6 real leaves, and they have reached a height of 15-30 cm (6-12 inches). Peppers do not have strict soil requirements. They grow well in a wide variety of soils. However, the plant thrives best in medium to sandy soils with proper aeration and drainage. It is a sensitive plant to both drought and water-soaked conditions. The optimum pH levels range from 6 to 7; however, we have cases in which the plants can tolerate extreme pH levels close to 5.5 or 8. The basic soil preparation starts a couple of weeks before transplanting pepper seedlings. Farmers remove any previous cultivation remainings and weeds and plow well at that time. At the same time, farmers remove rocks and other undesirable materials from the soil. One week later, many farmers apply a basal fertilizer such as well-rotted manure or synthetic commercial fertilizer, always after examination of their soil test results and always after consulting a local licensed agronomist. Most farmers integrate the basal fertilizer on the same day, using tillage tractors. Some growers prefer to apply it only across the planting rows, while others spread it on the entire field. Of course, the first method is more cost-saving. The next day is probably the right time to install the drip irrigation pipes. The next and most crucial step (especially in countries with non-optimum soil temperature during the planting period) is the linear polyethylene coating. Many producers cover the rows with black or green Infrared – Transmitting (IRT) or black plastic film. They use this technique to maintain the root zone temperature at optimum levels (>21 °C or 70 °F) and prevent weeds from growing. As far as organic pepper farming is concerned, things might be different, and farmers may utilize cover crops in order to enrich the soil. According to UC Santa Cruz Farm – Center for Agroecology & Sustainable Food Systems, the soil preparation in organic pepper farming starts the autumn before our growing season. They sow a cover crop (for example, vetch – Vicia sativa) during the fall before the year we want to grow chilies. About a month before transplanting pepper (spring), they plow and incorporate the crop into the soil, so that their field will be enriched with organic matter. About 14 days later, the tractor plows again in order to make beds. After plowing, farmers irrigate the field, although there is no crop. Sprinklers irrigate the raised beds. In this way, weeds seeds germinate. Farmers spot those weeds and remove them. This technique is most often used in rice farming. About a week later, they transplant the young pepper seedlings. Transplant is performed either very early in the morning or during the afternoon. Outdoor pepper farming starts mainly during the end of winter, provided temperatures are close to optimum levels. In some countries, pepper seedlings are transplanted outdoors during the second half of spring. Producers in countries with proper climate, continue the transplanting until early autumn. Pepper producers eventually harvest from summer to winter (June to December). After all the preparation steps (plowing, basal fertilization, installation of the irrigation system, and plastic film covering), we can proceed with transplanting. Growers label the exact points on the polyethylene coating where they will plant the young plants. They then dig holes on the plastic and plant the seedlings. It is important to plant the seedlings at the same depth as they were at the nursery. Producers plant their pepper seedlings either on single or on twin rows. The distances may also differ between stacked and unstacked plants. A common pattern for planting unstacked plants on single rows is 0.3 m to 0.5 m (12-20 inches) distance between plants on the row and 0.5 m to 0.75 m (20-30 inches) distance between rows. For stacked peppers on single rows, they prefer 25-30 cm (10-12 inches) distance between plants on the row and 120-150 cm (47- 59 inches) distance between rows. For twin rows, many growers prefer 0.25 m to 0.3 m (10-12 inches) distance between plants on the row, 0.5 m to 0.6 m (20-24 inches) distance between rows, and 1.2-1.5 m (47-59 inches) between couples. As a result, we will approximately plant 18000 to 45.000 plants per hectare (7.287-18.218 plants per acre). The distances and the number of plants depend on the pepper variety, the environmental conditions, the irrigation system, the pruning formation, and of course, the yield goals of the producer. (1 hectare = 2,47 acres = 10.000 square meters). Pruning is an important procedure and provides several advantages. However, not all pepper varieties need pruning. For those who do, pruning enables farmers to control the vegetation. Moreover, pruning leaves extra space for aeration preventing fungal infections. Besides, harvesting becomes much easier. In general, unpruned peppers have a tendency to produce numerous peripheral sprouts and leaves. The extra foliage makes it difficult for the producer to manage the plant. The necessary pruning procedure includes the removal of the peripheral stems. Producers keep only the 2-4 sprouts on the plant. This way, the plant has a more flexible and manageable shape. Many producers also perform thinning. They remove the stems that grow between the sprout and the foliage. It is crucial to try not to cut the stem too close to the vein. Instead, you can consider keeping a 4 cm (1.6 inches) distance to avoid infections. On the other hand, pruning and staking increase labor costs, which may be balanced if the harvesting period is long enough. In the market, we can find determinate varieties that offer satisfactory yields without pruning. Most pepper producers use stacking for their peppers. This technique provides several advantages. First, it prevents foliage and fruits from touching the ground. At the same time, pruning leaves extra space for aeration. Moreover, harvesting becomes much easier. Outdoors producers use stakes and tie the plants gently on them. According to FAO, total pepper water requirements over a growing period, are 600 to 900 mm and up to 1250 mm for long growing periods and several pickings. However, pepper water requirements are totally different during the various development stages of the plant. Generally, the critical periods for peppers are fruit-set and fruit filling. Prior to those stages, water requirements are smaller. Of course, water requirements can be totally different under different weather and soil conditions. For example, heavy clay soils normally need less irrigation than sandy soils do. Moreover, different sweet pepper and chilies varieties may also have different water requirements. Many producers in Mediterranean countries prefer to irrigate their peppers for 10 minutes every 4-5 days during early spring. This way, they force the plant to ‘seek’ for water and, as a result, to expand its roots. However, from flowering until harvesting, they irrigate their plants on a daily basis. Farmers generally prefer to irrigate their peppers early in the morning or late in the evening. Watering the foliage has been linked with disease outbreaks. In general, excess humidity, especially on foliage, may favor disease outbreaks. On the other hand, water-stressed plants are more susceptible to infections. The most commonly used irrigation system is drip irrigation. Many producers use multiple or single drip pipes of 12-20 mm diameter and 2-8 litter per hour water allotment. Peppers are self-pollinated plants. This means that farmers do not need to use insects to boost their peppers’ pollination. According to studies, though, insects could fasten the maturing procedure of the fruit. However, producers should be really careful in case they grow together, sweet and chili peppers. If they plant chilly peppers close to sweet peppers, it is possible that the sweet peppers will convert into chilies. The reason is that very often, sweet peppers plants allow the pollen of chilies, transferred by the wind or insects, to pollinate them. In order to avoid this effect and lose the commercial value of your products, a proper technique is to leave a long distance between chilies and sweet pepper farms. An important procedure when growing peppers is weed management. Pepper plants often suffer from weeds that compete with them in terms of space, access to sunlight, water, and nutrients. Furthermore, weeds may become home for pests that may attack the plants. It is necessary for all growers to have a sound weed control strategy, which may differ significantly between countries, the law framework, the means of production, the industry at which the product targets, etc. Manual weed control on a weekly basis is almost necessary in some cases (organic production). First, you have to take into consideration the soil condition of your field through semiannual or annual soil testing before applying any fertilization method. There are no two identical fields in the world. Thus, no one can advise you on fertilization methods, without taking into account your soil’s test data, tissue analysis, and crop history. However, we will list the most common pepper fertilization schemes used by a considerable number of farmers. Nowadays, farmers make from 0 to 10 soil applications throughout the 2 to 3 months period from transplanting to harvesting. Some farmers apply well-rotted manure (30-40 tons per hectare) towards the rows, about two months before planting and prior to the soil disinfection. Alternatively, they may apply Calcium ammonium nitrate: 600-800 kg per hectare, and Potassium sulfate: 500 kg per hectare. However, the most common fertilization method in chilies and sweet pepper farming is “fertigation.” This word comes from the combination of Fertilization and Irrigation. Producers inject water-soluble fertilizers inside the drip irrigation system. This way, they can provide the nutrients gradually and give the plant the proper time to absorb them. They start the fertigation a few days after planting. At this point, they apply a Nitrogen- Phosphorus- Potassium (starter) 13-40-13 or 15-30-15 fertilizer, enriched with trace elements (micronutrients). High Phosphorus levels at the first stages will help plants develop a strong root system. Additionally, micronutrients make it easier for plants to overcome any stress conditions caused by the transplanting. They continue the applications until the blooming period by adding balanced fertilizer Nitrogen – Phosphorus – Potassium 20-20-20 or 15-15-15 again enriched with trace elements. In some cases, they may increase the P again to boost blooming at this point. As the plant comes close to the fruit set, they change the ratio again to 15-5-30 or 10-15-20. At this point, they increase Potassium levels because plants have greater needs for this element to create well-shaped fruits. At this stage, the plant has also increased needs in Ca. In the case of a calcium deficiency, we will start to observe a physiological disorder called blossom end rot that causes dark areas at the bottom and the sides of the peppers. Some producers apply foliar Ca fertilization during the fruit set and repeat after 15 days. According to another school of thought, pepper growth can be divided into three periods. Since some pepper varieties are harvested 55 days after transplant and others may be harvested 110 days after transplant, anyone can understand that the limits of the above mentioned periods are just average numbers, and nobody should follow these directions without making his/her own research. These are just some common practices. No one should follow them without taking into consideration the pepper variety, soil condition, and other local factors. Every field is different and has different needs. Checking the soil nutrients and pH is vital before applying any fertilization method. You should always consult your local licensed agronomist. The majority of peppers reach their full maturity and are ready for harvesting 2-3 months after transplanting. Harvesting time depends on the pepper variety, the environmental conditions and of course the age of the transplants. In general, colored varieties mature later than green varieties do. On large scale commercial outdoor farms, producers use mechanical equipment during harvesting. However, in most cases, producers collect peppers manually. The right time varies. Many producers harvest when fruits have an acceptable size of their variety but at the same time remain crunchy and green (for green varieties). The colored varieties should have just started to obtain the characteristic color of their variety. This is crucial, especially for peppers that are going to be transported for long distances. The harvesting period may last several months. Thus, farmers collect fruits in more than one harvesting sessions (2-3 sessions per week). A good yield after years of practice is 25 to 50 tons per hectare (22.314 – 44.628 pounds per acre). In some cases, experienced greenhouse producers may achieve a yield of up to 100 tons per hectare (89.255,87 pounds per acre). However, these yields are achieved from professional growers after several years of experience. It is crucial to understand that a plant nutrient deficiency does not necessarily mean that the soil is depleted. Plant deficiencies occur as a result of various environmental factors that lead to the plant’s inability to absorb this nutrient. Thus, farmers should consider testing both soil and plant tissue before they apply any fertilizer to their plants. Pepper plants with N deficiency express their problem with symptoms such as small and yellow leaves, decreased growth rate, fewer flowers, and decreased or zero fruit setting. Peppers that finally bear fruits produce deformed ones. High rainfall and excessive irrigation make things worse. The symptoms of potassium deficiency appear most of the time with characteristic interveinal chlorosis. Older foliage may wilt and turn brown and scorched. There is a low fruit setting rate, and the peppers are smaller than usual. The most common symptom caused by Ca- deficiency is blossom end rot. By this, we refer to a flat brown area at fruit’s blossom end, that may appear at any pepper development stage. The commercial value of the fruits decreases rapidly under such conditions. Blossom end rot is an ideal environment for secondary fungal infections. Mg-Deficiency Magnesium deficiency is common to peppers and is most commonly expressed in older leaves. The most obvious Mg- deficiency symptom is the foliage discoloration, while the veins remain green. P-Deficiency If Phosphorus levels are low, we observe limited growth. The plant has difficulty in producing flowers, and when it does, only one out of many turns into fruit. Leaves may turn yellow and wilt, while the fruits are usually underdeveloped, and they have very few seeds. Sunscald is caused by extended sun exposure to the fruits. Peppers develop a characteristic white area with thin dried skin at the surface that is directly exposed to the sun. The cause of that anomaly is the low foliage to fruits ratio. Growth Cracks Growth cracks are injuries of the fruit caused by sudden and increased water intake, especially after a prolonged drought. Lyriomyza spp is an insect that causes mines in many plants, including pepper. Adults puncture the leaves, stems, and fruits and lay their eggs. After hatching, young larvae start to feed by the tissues causing characteristic white mines. The photosynthetic ability of the plants is often greatly reduced as the chlorophyll-containing cells are destroyed. Infected leaves may fall, exposing plant stems to wind action, and the fruits to sunscald. The damage reduces the quality and the commercial value of the fruit. It has caused severe damage, especially in chili peppers in Mexico. Management is difficult. However, there are some precautionary measures to control the attack. Ιt is crucial to make it very difficult for the pest to approach the plants. Some precautionary measures include traps and weed removal. Tetranychus urticae is a tiny spider mite that attacks many crops, including peppers and tomatoes. This pest overwinters in leaf debris and attacks the plants during hot and dry weather conditions. Mites attack the foliage in order to feed, causing yellow discolorations or a characteristic bronze- brown wilt that resembles flame damage. We may also observe webs between the foliage. A common practice is to monitor the population using traps constantly. If the number is above the tolerable limits, then you may consider intervening only after consulting a local licensed agronomist. There are biological as well as chemical solutions on the market, which, of course, should always be used under Good Agricultural Practices standards. Thrips Thrips are tiny insects that damage pepper plants through holes they make on tissues in order to feed or lay their eggs. They overwinter on weeds or on plant debris, and when spring comes, they move to flowers where they feed by sucking nectar and pollen. This procedure may cause deformed flowers and blossom drop. Grey mold is a serious disease of pepper plant, caused by the fungus Botrytis cinerea. The pathogen is capable of surviving for long periods in the form of sclerotia. Infections are favored by high humidity levels, while wind and rain spread the spores from plant to plant. Symptoms may appear to all the overground parts of the plant. Symptoms include grey to brown lesions formed at the edges of leaves. After a while, these lesions are covered in grey mold. The leaves wither and fall. The fungus proceeds into the stem causing death of seedlings. A characteristic symptom on infected fruits is white halos that develop on peppers. If the fruit is indeed infected, then it turns soft and water-soaked. Disease control begins with proper precautionary measures. These include weed control and safe distances between plants. The general condition of the plants (nutrients and water level, sun exposure) can also boost their immunity. We can use chemical treatment only if the problem is severe and always under supervision from a local licensed agronomist. It is also crucial to use proper sanitation, such as tools disinfection every time we touch the plants. Alternaria is a serious disease caused by the fungus Alternaria solani. The fungus overwinters on crop debris, seeds or weeds and is spread through the air, water, insects, and farming tools. Alternaria infects pepper plants at different stages of their development. Unfortunately, Alternaria may cause fruit rot even after harvest. Septoria Leaf Spot Septoria is a foliage disease caused by the fungus Septoria lycopersici. The pathogen is favored by rainy weather and attacks the leaves. It causes dark spots which resemble bacterial spot and Alternaria lesions. Unfortunately, the pathogen may remain in the soil after the crop is harvested, as it can survive on common weeds such as Solanum carolinense. Late Blight (Phytophthora capsici) Phytophthora is a soil-borne disease that infects almost all plant parts, leading eventually to the death of the plant. Symptoms most commonly appear on the roots and stem (stem rot). The disease then affects the leaves, as they wilt. The plant gradually gets defoliated and collapses. Fruit lesions may also appear as watersoaked areas. Fruits are then covered with white powdery mold. Unfortunately, the pathogen may overwinter in the soil for over 10 years. Pepper fruits can become infected when rain and overhead irrigation splash infested soil onto emerging fruits. Anthracnose is another common disease of the pepper plant. It is caused by the fungi Colletotrichum spp. Infection often occurs during warm and wet weather. The pathogen may infect all plant parts. However, we observe symptoms most easily on ripen fruits. The pathogen may infect immature fruits as well, but symptoms are not visible on them. Symptoms on ripen peppers appear as circular lesions that periodically enlarge, sunken, and merge together. Under optimum humidity and temperature levels, fungus spores in pink-salmon color appear. Unfortunately, the pathogen can survive in seeds. Thus, it is essential to use pathogen-free seeds. Downy Mildew Downy mildew is a common greenhouse pepper disease caused by the fungi Peronospora tabacina. Symptoms appear on the upper surface of the leaves in the form of yellowish-green spots. Under conditions of high humidity in the respective areas, we observe blue to violet eruptions on the lower surface of the leaves. Heavily infected leaves die and fall. Defoliation makes the plants useless and leads to heavy crop losses. Leveillula taurica (imperfect stage = Oidiopsis taurica) is the most common fungi species that cause powdery mildew to peppers. We may observe white powdery mildew of fungal mycelium on the upper surface of the leaves. Symptoms may also include green chlorotic angular lesions on the upper surface of the leaves. We must always disinfect our tools after we have handled an infected plant, in order to prevent the infection from spreading to healthy plants. Unfortunately, the pathogen has a very wide host range and inoculum from one host plant species can cross-infect other host plants. In California, powdery mildew inoculum can come from crops such as onion, cotton, tomato, all varieties of peppers and some weeds. https://extension.psu.edu/pepper-production https://extension.umn.edu/vegetables/growing-peppers-home-gardens https://www.uog.edu/_resources/files/wptrc/Bell_Pepper_8_16_FINAL.pdf https://fdc.nal.usda.gov/fdc-app.html#/food-details/170497/nutrients http://ipm.ucanr.edu/PMG/r604100111.html https://www.cabi.org/isc/datasheet/30965 https://content.ces.ncsu.edu/phytophthora-blight-of-peppers https://www.aua.gr/ekk/wp-content/uploads/2017/01/2-%CE%9A%CE%91%CE%9B%CE%9B%CE%99%CE%95%CE%A1%CE%93%CE%95%CE%99%CE%91-%CE%A0%CE%99%CE%A0%CE%95%CE%A1%CE%99%CE%91%CE%A3-%CE%A3%CE%A4%CE%9F-%CE%98%CE%95%CE%A1%CE%9C%CE%9F%CE%9A%CE%97%CE%A0%CE%99%CE%9F.pdf http://www.opengov.gr/ypaat/wp-content/uploads/downloads/2013/11/piperia.pdf As far as organic pepper farming is concerned, things might be different, and farmers may utilize cover crops in order to enrich the soil. According to UC Santa Cruz Farm – Center for Agroecology & Sustainable Food Systems, the soil preparation in organic pepper farming starts the autumn before our growing season. They sow a cover crop (for example, vetch – Vicia sativa ) during the fall before the year we want to grow chilies. About a month before transplanting pepper (spring), they plow and incorporate the crop into the soil, so that their field will be enriched with organic matter. About 14 days later, the tractor plows again in order to make beds. After plowing, farmers irrigate the field, although there is no crop. Sprinklers irrigate the raised beds. In this way, weeds seeds germinate. Farmers spot those weeds and remove them. This technique is most often used in rice farming. About a week later, they transplant the young pepper seedlings. Transplant is performed either very early in the morning or during the afternoon. FAO Vegetative Growth. Days 1 to 20 from Transplanting Flowering and Fruit Set. Days 21 to 55 from Transplanting Ripening period and harvest. Days 56 to Harvest. During the first period, they apply (through fertigation) 2 kg N, 1 kg P2O5, and 3 kg of K2O per hectare per day. During the second period, farmers increase fertilization rates and apply (through fertigation) 4kg N, 1kg P2O5, and 5 kg K2O per hectare per day. During the third period, the rates decrease, and farmers apply again (through fertigation) the rates of the first period. Grey mold is a serious disease of pepper plant, caused by the fungus . The pathogen is capable of surviving for long periods in the form of sclerotia. Infections are favored by high humidity levels, while wind and rain spread the spores from plant to plant. Symptoms may appear to all the overground parts of the plant. Symptoms include grey to brown lesions formed at the edges of leaves. After a while, these lesions are covered in grey mold. The leaves wither and fall. The fungus proceeds into the stem causing death of seedlings. A characteristic symptom on infected fruits is white halos that develop on peppers. If the fruit is indeed infected, then it turns soft and water-soaked. Alternaria is a serious disease caused by the fungus . The fungus overwinters on crop debris, seeds or weeds and is spread through the air, water, insects, and farming tools. infects pepper plants at different stages of their development. Unfortunately, Alternaria may cause fruit rot even after harvest. Septoria is a foliage disease caused by the fungus Septoria lycopersici. The pathogen is favored by rainy weather and attacks the leaves. It causes dark spots which resemble bacterial spot and lesions. Unfortunately, the pathogen may remain in the soil after the crop is harvested, as it can survive on common weeds such as Solanum carolinense. Anthracnose is another common disease of the pepper plant. It is caused by the fungi Infection often occurs during warm and wet weather. The pathogen may infect all plant parts. However, we observe symptoms most easily on ripen fruits. The pathogen may infect immature fruits as well, but symptoms are not visible on them. Symptoms on ripen peppers appear as circular lesions that periodically enlarge, sunken, and merge together. Under optimum humidity and temperature levels, fungus spores in pink-salmon color appear. Unfortunately, the pathogen can survive in seeds. Thus, it is essential to use pathogen-free seeds. Downy mildew is a common greenhouse pepper disease caused by the fungi Peronospora tabacina. Symptoms appear on the upper surface of the leaves in the form of yellowish-green spots. Under conditions of high humidity in the respective areas, we observe blue to violet eruptions on the lower surface of the leaves. Heavily infected leaves die and fall. Defoliation makes the plants useless and leads to heavy crop losses. Leveillula taurica ( imperfect stage = Oidiopsis taurica) Growing Chillies as a pro"
https://wikifarmer.com/market/en/vegetables/tomatoes-peppers-eggplants/,10/19/2023 20:04,"FRESH VEGETABLES Fresh carrots A' Leeks Availability 1 Ton Chard clas A RED ONIOΝS Sweet Potato 1 kg Yuca White Potatoes Butternut squash Green chilli 1kg Sweet Potato Potato Spunta of Viotia 30kg Yellow Buttery Pumpkin (Butternut) - Laconia, Greece DRIED ONIONS OF THIVA kg Potatoes variety Agria - 10kg Cassava chip Dutch Washed Celery Roots 10kg/box - Price per kilo Sweet pumpkins 1kg Potato from Sila Protected Area - 8kg bag Potatoes from Sila 2,5 kg Cucumber Dutch type Garlic red and white Sweet potato 1kg Luxury Organic Celery 1kg Butternut Pumpkins 1kg Butternut squash (Cucurbita moschata) 1kg Fresh onions - 1kg (pre-order, ready mid-July) Luxury Organic Celery Root 1kg California Yellow Pepper GG / G Growdena Tomatoes extra 1kg Ginger Potatoes from Sila 7 kg BIO Cucumbers from Knossos 1kg Pumpkin Sweet potato white flesh 100-200 gr FENNEL vine tomato 5kg box Red ΚS Sweet Potatoes from Elis 7kg/box - Price per kilo Long Black Eggplant Category A Growdena Tomatoes Extra - one row - 1kg Greek Organic Packed Cucumbers - Erimon Variety (1 kilo) Cima barese class A, 40x60 wooden boxes, variable weight, fresh product! Spanish cut celery 10kg/box - Price per kilo Organic spinach 1kg Italian Eggplants Sweet potato white flesh category 200-350 gr. Eddoe COUNTRY OF ORIGIN United Kingdom (Great Britain) Greece India Ecuador Morocco FILTERS CATEGORY CERTIFICATION ORGANIC PRICE ON DISCOUNT QUANTITY Products found 293 Our network of Farmers, Suppliers, Traders, and Brokers can help and give you several custom offers. Price per Kilogram Filters 293 Italy (100) Greece (84) Spain (57) India (8) France (7) Tomatoes (44) Fresh Herbs, Spices and Leafy Vegetables (34) Other Vegetables (26) Potatoes (21) Garlics (18) Fresh Vegetable Salads (17) Onions (16) Peppers (16) IFS Food (15) BRC (BRCGS) (14) Halal (2) ISO 22000 (2) Vegetarian (2) Vegan (1) Organic (57) From To On Discount (59) Up to Pieces €0.45 1kg - €0.45 / kg 20000 PiecesMinimum 20000 Pieces KRUSEVAC, Republic of Serbia €0.50 1kg - €0.50 / kg Thessaloniki, Greece Casal Thaulero, Italy €0.59 1kg - €0.59 / kg 21600 PiecesMinimum 21600 Pieces London, United Kingdom (Great Britain) €9.72 16kg - €0.61 / kg 52 PiecesMinimum 52 Pieces Cuenca, Ecuador -18% €63.95 100kg - €0.64 / kg 300 PiecesMinimum 300 Pieces islamabad, Pakistan €0.65 1kg - €0.65 / kg 770 PiecesMinimum 770 Pieces Almería, Spain -34% €0.66 1kg - €0.66 / kg Indore, India €0.69 1kg - €0.69 / kg 760 Pieces Squinzano, Italy €700.00 1000kg - €0.70 / kg Alexandria, Egypt €21.00 30kg - €0.70 / kg 500 PiecesMinimum 500 Pieces Thiva, Greece €0.75 1kg - €0.75 / kg 667 Pieces PERISTERI, Greece €0.81 1kg - €0.81 / kg ΘΗΒΑ, Greece €9.00 10kg - €0.90 / kg 56 PiecesMinimum 56 Pieces Venere di Pescina, Italy €0.94 1kg - €0.94 / kg 532 Pieces Benin City, Nigeria €0.97 1kg - €0.97 / kg 520 Pieces Pefki, Greece -60% €1.00 Heraclion Crete, Greece 8kg - €1.00 / kg Camigliatello Silano, Italy 2.5kg - €1.00 / kg Maracena, Spain €1.09 1kg - €1.09 / kg Rīga, Latvia €1.10 1kg - €1.10 / kg 455 Pieces Nea Manolada, Greece Marathonas, Greece Athens, Greece €1.13 1kg - €1.13 / kg 445 Pieces €1.20 1kg - €1.20 / kg 820 PiecesMinimum 820 Pieces Filiatra, Greece Cerignola, Italy €1.25 1kg - €1.25 / kg 400 PiecesMinimum 400 Pieces €1.40 1kg - €1.40 / kg Berja, Spain €1.41 1kg - €1.41 / kg 710 Pieces Kavala, Greece €22.69 16kg - €1.42 / kg 23 PiecesMinimum 23 Pieces 7kg - €1.43 / kg 50 Pieces €1.50 1kg - €1.50 / kg 334 Pieces Ierapetra, Greece Hagedet, France 336 PiecesMinimum 336 Pieces Anguillara Veneta, Italy Pikernis, Greece alboraya, Spain €1.51 1kg - €1.51 / kg €1.55 1kg - €1.55 / kg 750 PiecesMinimum 750 Pieces El Ejido, Spain €1.58 1kg - €1.58 / kg 633 Pieces €1.60 1kg - €1.60 / kg 313 PiecesMinimum 313 Pieces TYMBAKI, Greece €16.00 Stornara, Italy €1.67 1kg - €1.67 / kg €1.70 1kg - €1.70 / kg 295 PiecesMinimum 295 Pieces MIDEA, Greece 900 PiecesMinimum 900 Pieces Scoglitti - Vittoria, Italy €26.79 15.08kg - €1.78 / kg"
https://wikifarmer.com/growing-sweet-and-chilie-peppers-in-my-backyard/,10/19/2023 20:04,"More and more people like to grow their own fruits and vegetables in their garden either as a hobby or as a way to control what they eat. However, growing peppers in our backyard have some secrets and some common mistakes that we should avoid. Peppers are tropical plants and certainly love the heat. They need temperatures from 18 °C to 26 °C (64 °F to 79 °F) and plenty of sunlight (6-8 hours a day) to thrive. They cannot tolerate frost and begin to have problems when daytime temperatures remain below 18 ° C (64 °F). At temperatures below 15 °C (59 °F), the plant reduces its growth rate and stops growing completely at temperatures close to 10 °C (50 °F). At temperatures below 6 °C (43 °F), the plant begins to expel its flowers. The same results are observed at temperatures above 35 ° C (95 °F). In most cases, pepper seedlings are transplanted outdoors during the second half of spring, so that we can harvest our first pepper about two months later. There are hundreds of pepper varieties to choose from. Their flavors range from extra spicy to sweet, and their shape varies from oval, banana, cherry, and many more. If you plan to start growing peppers from seeds, you need to be careful. Make sure you always wear good gloves when touching the seeds. The seeds of some spicy varieties can damage your skin and then your eyes if you touch them. Moreover, be sure to buy certified seeds from a legitimate seller. Otherwise, the germination rate of the seeds will probably be very low and you will waste your time. Keep in mind that pepper seeds have a low tolerance to cold. You can plant them in an indoor seedbed, keeping the soil temperature at 20-28 °C (68 – 82 °F). Peat can also be used as a substrate for optimal aeration. Temperatures below 10-12 °C (50 – 54 °F) will deteriorate germination. Make sure you keep the seeds moist until they germinate. The seeds will germinate about 8-12 days later and the estimated time from seeding to transplanting is 40-60 days, but there may be significant deviations from these limits. Alternatively, if you don’t want to waste time with seeds, you can buy pepper seedlings from a legitimate seller and transplant them directly to their final positions. Please note that transplanting pepper seedlings will probably not be successful at temperatures below 18 °C (64 °F). Make sure you do not plant your pepper seedlings in areas where you had previously planted other Solanaceae (tomatoes, peppers, eggplants, etc.) so as to avoid soil depletion and soil-borne diseases. Soil preparation is very important when growing peppers. The soil must be a very fluffy and fertile mixture, so as to welcome the sensitive roots of the young seedlings and provide all the nutrients. You can also mix the soil of your garden with compost and river sand. Your soil pH may need correction. The optimum pH is between 6 and 6.8. In addition, many backyard growers put chopped eggshells inside the planting hole, in order to provide adequate calcium levels to the plant. One important step (especially in areas with low soil temperatures during the planting season) is the linear plastic coverage. Many producers cover the series with black plastic film. They use this technique in order to maintain the root zone temperature at optimum levels (above 21 °C or 70 °C), as well as to prevent weed growth. Make sure you do not plant the seedlings too close together. Proper distances ensure good ventilation and sunlight penetration, thus reducing the risk of various diseases. Most backyard pepper growers leave 50 cm (20 inches) distance between each plant in a row. They also leave a distance of at least 80 -100 cm (30-39 inches) between rows. During planting, the soil ball is placed a little deeper than the soil surface, as this will allow the plant to develop a richer root system from the beginning. Immediately after transplanting, we lightly compress the soil and then irrigate. Pruning is sometimes important when it comes to pepper growing. However, not all peppers varieties need pruning. In a few words, when it comes to pruning, amateur pepper growers keep 2-4 shoots on each plant for the first stages of its growth, so as to create a proper shape. Later, they remove one of those two shoots. In general, pruning facilitates proper aeration and protects the plant from moisture-favored infections. Moreover, we can control the fruit to vegetation ratio. In most cases, pruned pepper plants need staking. The simplest technique is to place a plastic or bamboo stake near each plant and tie the stem lightly. This technique helps the plant’s stem remain in a vertical position. At the same time, it prevents the foliage of the stems as well as the fruits from touching the soil. Τhus, it protects the plant as a whole from soil pests and diseases. Moreover, staking helps the producer harvest the fruits easily and improves the aeration and overall health of the plant. Irrigation is very important if we want to harvest well-shaped peppers. Remember, every 100 grams of average pepper fruit contain about 90 grams of water. In general, for about 15 days after transplanting, several growers are cautious and supply very small amounts of water in order to help the plant develop a better and larger root system. During the growing season, when the pepper plant grows its first blossoms, several growers supply twice as much water as during the previous stage. Then, at the fruit filling stage, the amount of water provided reaches the maximum levels. Finally, at the fruit ripening stage, water intake decreases and gradually becomes zero shortly before harvest. In a backyard, the average pepper plant growing in an average soil will definitely be benefited from the addition of compost. Composting is an environmentally friendly process with excellent results in plant nutrition in the backyard, offering significant savings as well. It is a process through which organic residues such as leaves, thin branches, peels and other food residues (eg. eggshells) are transformed through various processes and with the help of soil microorganisms into a nutrient-rich substance called compost. Proper use and addition of compost will prevent soil erosion. It can also suppress soil pathogens. Caution is needed as not all home-grown food waste is suitable for composting. The process is quite simple. You need a compost bin or silo, a shredder, soil, and organic waste. The shredder is quite important, as to speed up the fermentation process the materials intended for the composting bin must be small enough. Peppers mature and can be harvested 55-90 days after transplanting. During harvest, it is best to use scissors and cut about 5 cm (2 inches) above the fruit. Just pulling the pepper will cause damage to the plant and possibly to the fruit. You can harvest up to 2-3 times a week some healthy, well-shaped peppers. On average, a healthy pepper plant will produce 4 to 8 large-sized peppers, but in small fruit varieties, a single plant can produce even 100 small peppers. how to grow chilli plants faster"
https://wikifarmer.com/interesting-facts-about-chilies-and-sweet-pepper/,10/19/2023 20:04,"Interesting Facts about chilies and sweet pepper Things you probably didn’t know about chilies and sweet pepper Pepper’s scientific name is Capsicum annuum and is a member of the Solanaceae family. This family also includes other popular vegetables like potatoes, tomatoes, eggplants, and many others. It is a perennial plant, although most producers grow it as an annual. However, Black pepper comes from berries of the pepper plant, Piper nigrum, which belongs to a different family (Piperaceae). Peppers originated from Central and South America. and spread to Europe during the 16th century. Nowadays, we can find peppers almost everywhere around the globe. However, the five countries with the most significant chili pepper production, according to World Atlas, are: Pepper at first grows as a single vein plant; however, later, the plant starts to produce several outer stems. Pepper leaves are usually simple, alternate and flowers are whitish with five lobes on the corolla that grow on the apical meristem. Domestic pepper cultivars are usually self-fertile. The fruits are berries and come in various shapes and colors. Inside them, we can find several flat, ochre-colored seeds. We can find peppers of green, yellow, orange or red color and shapes that vary greatly. 2.) Chili Pepper Health Benefits 3.) Growing Sweet and Hot Chili Peppers in my Backyard 4.) Growing Peppers for Profit – Pepper and Chilies Farming 5.) Wholesale Pepper Market Pepper is one of the most beloved vegetables for home gardeners. Botanically, pepper is a berry. Black pepper comes from berries of the plant Piper nigrum, which is different from Capsicum annuum (bell and chili peppers) Guinness World Records declared the hottest chili pepper in the world. Its scientific name is “ Capsicum chinense ”. Make sure you always wear good gloves when touching pepper seeds. Especially the seeds of some spicy varieties can damage your skin and your eyes if you touch them. Peppers originated from Central and South America. Chili peppers are hot in taste because they contain capsaicin. Capsaicin is the basic ingredient of some pepper sprays, used by police in order to control large crowds during demonstrations or protests. Capsaicin has been proven by some studies to boost metabolism and increase the burning of fat. Bell peppers do not contain capsaicin. On average, a healthy pepper plant will produce 4 to 8 large-sized peppers. However, a bell pepper plant grown in a greenhouse can produce more than 30 fruits in a growing season. On the other hand, in small fruit varieties, a single plant can produce even 100 small peppers. Pepper’s scientific name is family. This family also includes other popular vegetables like potatoes, tomatoes, eggplants, and many others. It is a perennial plant, although most producers grow it as an annual. However, Black pepper comes from berries of the pepper plant, Piper nigrum, which belongs to a different family ( Piperaceae Mexico Turkey black pepper chili sweet pepper"
https://wikifarmer.com/growing-potatoes-for-profit/,10/19/2023 20:04,"Growing Potatoes for Profit Starting a Potato Farm – Professional Cultivation of Potato Potato farming –if done rationally and on a scalable basis- can be a good source of income, provided you have available a well-drained, fertile soil with a pH of 5,2-6.7. Exposure to direct sunlight is also essential. Potato seeds along with soil condition are the two most important factors for the success of a potato farm. Climate is also important. A night temperature of below 59°F (15°C) is required for tuber initiation. Optimum soil temperature for normal tuber growth is 59 to 64°F (15 to 18°C). The purchase of potato seeds represents about 50% of total expenditure. You may also need well-rotted compost, fertilizers and of course rented agricultural machinery for planting and harvesting potatoes (it is labor intensive to plant or dig up the potatoes manually on a large scale). A major advantage of potato cultivation is the long storage period (up to a year), which gives growers (that can store potatoes) flexibility and many options in terms of pricing and geographical marketing of their production. Check out Potatoes Bulk Price and Wholesalers potato farm potato farming"
https://wikifarmer.com/how-to-grow-potatoes/,10/19/2023 20:04,"How to grow Potatoes Backyard Growing Potatoes In a few words, we plant potatoes seeds in “hills” choosing a sunny part of our field during late winter – spring (February- April in most areas) or during summer (July-August in most areas). 3-4 months after planting, we can normally harvest the potatoes that have been created underground. Following the harvest, we plow deeply in order to destroy the remaining plants. Generally we should not cultivate potatoes in the same field for more than two years in succession, because the soil will be depleted and the danger of disease dissemination increases significantly. We start by purchasing the potato seeds. It is good to prefer certified disease free potato seeds from reputable sellers. Seed potatoes are actually normal potatoes just like the ones we eat, but they are selected for having desirable characteristics. They are also checked or sterilized against carrying various diseases. Alternatively, we can plant potatoes that we have bought from the grocery story, but the selection requires experience and we should expect much lower results in quantity and final weight of potatoes produced. Most gardeners and farmers cut the potato seeds into smaller pieces (there are pros and cons in cutting the potatoes). Be sure to leave at least one eye bud per piece. In general we can cut larger potato tubers (diameter > 45mm), while smaller tubers are planted whole. We leave the seed potatoes pieces in a dry place for 2 days. Then, we will normally be able to see a crust in the flesh (surface) of the potato that we have cut. At that point, we are ready for planting. Plowing deeply and removing rocks is a necessary procedure before planting seed potatoes. Potatoes are cultivated in “hills”. We first dig a trench (or channel) of 4-6 inches (10-15cm) depth. The length of the trench depends of the quantity of potato seeds we have available. The next trench must be spaced at least 28 inches (70cm) from the first one. We put the potato sets (pieces) inside the trench at a distance of at least 10 inches (25cm) apart. We then flatten our field by covering the trenches with soil. At that point, we must “earth up” our crops by creating hills. We do this, because growing potatoes in flat surface will not help our potato plants thrive and produce good yield. Moreover, earthing up the soil between the trenches will help us distinguish where exactly our seeding rows are located. Many farmers also use the distance between grooves as an irrigation channel. Thus, we must hill them by mounding soil from each side of the row about 4 inches (10cm) high along the base of the plants. About two months after planting, we shall normally see our healthy and well developed potato plants. At that time, we may have to earth up again our crops, so as to prevent any potatoes from reaching the surface and be exposed to sunlight. If exposed to sunlight, the potatoes will most likely turn green and become unsuitable for human consumption. At that point (two months after planting), we can also consider applying fertilizers, either soil or foliar, if this is necessary (it depends on the field – every field is different and has different needs). We must also check for pests and diseases by observing carefully the shape and color of leaves. Potato has certain water requirements; however the climate and the evapotranspiration of your field will determine the irrigation frequency. If there are no rainfalls in your region, you may have to irrigate your plants from once a week to once a month during the growing period. About 3-4 months after planting depending on the climate and seed variety, we are normally ready to harvest our potatoes. Potatoes are ready to be harvested when the foliar starts to die back. Many farmers wait another two weeks from this point, while others start to harvest as soon as the leaves turn yellow. We dig carefully the soil between the seeding rows, searching for potatoes. Once we harvest all our potatoes, it is beneficial to leave them for a couple of hours in the field surface under the sunlight (provided there isn’t a possibility of rain), so that they can dry out naturally. You can enrich this article by leaving a comment or photo of your potato growing methods. growing potatoes potato plant"
https://wikifarmer.com/potato-plant-information/,10/19/2023 20:04,"Potato Plant Information Potato Plant Info and Uses The potato plant (Solanum tuberosum) is a herbaceous perennial which produces edible tuberous crops formed underground. It is a member of the family of Solanaceae. The plant prefers slightly acidic, well drained and fertile soils. Potato plants produce red, white, pink, purple or blue flowers at the end of their growing season (3-4 months after planting). The plant’s height can reach 20 inches (50cm). Potatoes have a relatively short root system with most roots located in the top 2 feet (60cm) of soil. Every healthy potato plant can produce from 3 to 25 potatoes. Contrary to popular belief, potato plant does not need bees or any other pollinator in order to produce potatoes. However, the plant still needs pollinators so that the flowers can produce “true seeds”. After flowering, potato plants produce small green fruits that contain true seeds. Growing potatoes from true seeds is feasible, but it results in producing different potatoes with different characteristics. The uniformity of potatoes is one of the top priorities of potato growers, and that’s why most of them prefer planting seed potatoes, which produce clones of the mother variety. Seed potatoes are actually normal potatoes just like the ones we eat, but they are selected for having desirable features. They are also checked against carrying various diseases. As it happens with tomatoes, peppers and other crops, the potato plant is natively a perennial plant. However, we cultivate potato as annual plant, because harvesting potatoes requires digging up, uprooting and thus destroying the plants. 1.) Potato Plant Information 2.) How to grow potatoes 3.) Growing Potatoes for Profit 4.) Soil Requirements and Preparation for Potato cultivation 5.) Potato Planting, Seeding Rate and Plant Spacing 6.) Potato Fertilizer Requirements 7.) Potato Water Requirements and Irrigation Systems 8.) Potato Pests and Diseases 9.) Potato Harvest, Yield and Storage 10.) Q&As Potato 11.) Wholesale Potato Market potato potato plant information Solanum tuberosum"
https://wikifarmer.com/commercial-tomato-farming/,10/19/2023 20:04,"Growing Tomatoes Outdoors for Profit – Complete Outdoors Tomato Growing Guide Summary of Tomato Farming Tomato farming techniques – Tomato farming guide How to Grow Tomatoes From Seed How to Grow Tomatoes from Non-Grafted Seedlings Soil Requirements for Tomato Farming Tomato Planting, Plant spacing and Number of Plants per Hectare How to Prune Tomatoes Tomato Stacking Tomato Water Requirements -Tomato Irrigation Systems Tomato Fertilization Requirements – Best Tomato Fertilizer Outdoor Tomato Harvesting and Storage Outdoor Tomato Yields Most common Tomato Nutrient Deficiencies Physiological Anomalies of Tomatoes Common Tomato Pest and Diseases Growing tomatoes outdoors –if done rationally and on a scalable basis- can be a good source of income. In a few words, tomato is a perennial plant, but growers in most cases treat it as an annual. Most commercial tomato growers start the crop from seeds (hybrids) in an indoor protected environment. As they wait for the young seedlings to grow and be ready for transplanting (normally 30-50 days), they prepare the field. They till the land and remove any previous cultivation remains. Some growers place a black plastic film on the ground. This plastic film not only helps the soil become warmer but also controls weeds. Moreover, prior to planting, tomato producers design and set the irrigation system, which usually is drip irrigation. When they are ready for transplanting, they make small holes in the plastic film, where they plant the seedlings. Fertilization, Drip Irrigation and Weed Management are applied in most cases. When plants reach a height of 40 cm (16 inches), most growers stake the plants, mainly the indeterminate varieties. If not, the plants are incapable of supporting their weight and further develop (this does not apply for processed tomato varieties). Producers may also apply thinning in some table varieties. This means that commercial tomato growers remove some fruits at their early development stages. They do so in order to encourage the plant to devote its resources to fewer but bigger and tastier fruits. Most tomato varieties can be harvested 7-10 weeks after transplanting. Time from planting to harvesting depends on the variety, climate conditions and the age of the seedlings planted. Producers harvest tomatoes through hand scissors or knives typically in 2-3 sessions per week. This does not apply for tomatoes intended for canning. Producers harvest the industrial (processed) tomatoes mechanically at one session because the tractor-attached harvesting machine destroys the plant completely. After harvesting, tomato growers destroy the remaining of the crop. Crop rotation is crucial in tomato farming. When it is possible, producers rotate the crop (with cabbage, corn, legumes and others), in order to control diseases and prevent soil from depleting. The restrictive factor when growing tomatoes outdoors is usually the temperature. The plant requires on average temperatures from 18 to 26 °C (64.4 to 78.8 °F), while soil temperature should not fall below 14 °C (57 °F). Low temperature during the growth period will inhibit the procedure. It is nearly impossible for shocked plants to recover. It is crucial to decide the growing method as well as the varieties of tomato that thrive in our area. There are three methods to grow tomatoes: Growing from seed, growing from non-grafted seedlings and growing from grafted seedlings. Tomato is a warm-season crop. Tomatoes plants need, on average, 7-10 weeks from transplanting to harvest. However, if you are planning to grow tomatoes from seed, there are some facts you need to know. First, tomato seeds require a temperature of at least 21 °C (70 °F) in order to germinate. Secondly, the seeds need to have optimum moisture levels in order to sprout. Excessive irrigation can turn disastrous. Producers in areas with risk of frost, prefer to sow the seeds in seedbeds under controlled conditions and then transplant them into their final positions. On average, we need 120-150 grams of seeds per hectare (1 hectare = 10.000 square meters = 2,47 acres). Another method is growing tomatoes from non-grafted plants. If we follow this method, it is crucial to choose carefully the variety of tomato we are going to plant. If -for example- the fields in our area have problems with soil-borne diseases, pests, extreme pH or salinity levels, then not all varieties can thrive. Some varieties are tolerant to some of those factors, while others are not. Nowadays, a significant number of growers prefer to use grafted tomato seedlings. In a few words, grafting is a commonly used technique through which we join together parts from two different plants, so that they will grow as a single plant. The upper part of the first plant is called scion and grows on the root system of the second plant, which is called the rootstock. Eventually, we have a plant that combines all the advantages of its different components. Some experienced producers, with specialized knowledge, prefer to grow from seed both the plant intended to be the rootstock and the plant intended to be the scion. Then, they perform the grafting by themselves. Others prefer to buy certified grafted seedlings from legitimate sellers. Tomatoes do not have strict soil requirements. They grow well in a wide variety of soils, provided they drain well. However, the plant thrives best in medium sandy soils with proper aeration and drainage. The plant is sensitive to both drought and water-soaked conditions. The optimum pH levels range from 6 to 6.5. The basic soil preparation starts a few weeks before transplanting tomato seedlings. Farmers remove any previous crop remains and weeds and plow well at a depth of 60 cm (23.6 inches). Plowing improves soil aeration and drainage. At the same time, they remove rocks and other undesirable materials from the soil. One week later, many farmers apply a basal fertilizer such as well-rotted manure or synthetic commercial fertilizer, always after examining their soil test results and always after consulting a local licensed agronomist. Most farmers integrate top dressing on the same day with tilling. Some producers prefer to apply top dressing only across the planting lines, while others apply it to the entire field. Of course, the first method is more cost-saving. The next day is probably the right time to install the drip irrigation pipes. The next and most crucial step (especially in countries with low soil temperature during the planting period) is the linear polyethylene coating. Many producers cover the rows with black or green Infrared – Transmitting (IRT) or black plastic film. They use this technique in order to maintain the root zone temperature at optimum levels (>21 °C or 70 °F) and prevent weeds from growing. In many tomato producing countries, the best season for planting outdoor tomatoes is usually during the middle or the second half of spring. However, in some areas where temperatures are high enough, planting can certainly take place earlier. On the other hand, in northern areas, producers usually plant their tomatoes during early summer. In many cases, the young seedlings must undergo a procedure called “hardening”, prior to transplanting. Hardening is practically a kind of artificial stress. It may involve temperature change or other techniques and is performed in order to help the plant better adapt to new conditions. Producers usually cause water stress by gradually reducing the water supply to their plants. A few hours before transplanting (13-15 hours), producers stop completely water supply and then irrigate again immediately after transplanting. Tomato producers keep their seedlings in seedbeds 30-50 days, before transplanting them into their final positions. Producers prefer to transplant seedlings that are 3-6 weeks old. At this stage, the plants have an average height of 20 cm (8 inches) and have 3-5 true leaves. After all the preparation steps, (plowing, basal fertilization, irrigation system installation and plastic film covering), we can proceed with transplanting. The growers label the exact spots on the plastic film or directly on the soil where they will plant the young seedlings. Then they dig holes and plant the seedlings. It is important to plant the seedlings at the same depth as they were in the nursery. Outdoors tomato farmers usually plant their seedlings in single rows. A common pattern for single rows planting is 0.3 m to 0.6 m (12-24 inches) distance between plants on the row and 0.8 m to 1.3 m (2.6-4.3 ft) distance between rows. For twin rows planting, growers maintain the same distance between plants on the row, 0.45 m (1.48 ft) distance between rows and 1.2 m (3.94 ft) between two couples. Following these patterns, we will approximately plant 15000-30000 plants per hectare. The exact distances and the number of plants depend on the tomato variety, environmental conditions, the irrigation system and of course the yield goals of the producer. (1 hectare = 2,47 acres = 10.000 square meters). Pruning is one of the most important farming practices mainly for indeterminate tomato varieties. It provides several advantages. First of all, pruning enables farmers to monitor and balance the vegetation and fruit set of plants. Furthermore, pruning facilitates aeration, that prevents infections. Moreover, harvesting, as well as other farming techniques (spraying of chemicals) becomes much easier. In general, unpruned tomato plants stop producing sufficient amounts of fruits after a given time. We need to understand that not all tomatoes need the same pruning. Generally, we have two main tomato types, determinate and indeterminate. Indeterminate varieties need heavier pruning than determinate varieties, in order to grow properly. A common pruning technique includes the removal of the outer stems leaving only the central vein to grow. This way, the plant becomes single-veined and expands only vertically. Another technique is the dead-heading of the plant during the early stages of its development, followed by the removal of peripheral stems except for 2-4. Thus, the plant develops 2-4 main stems. Most producers also apply thinning. They remove the stems that grow between the vein and the foliage. It is crucial to try not to cut the stem too close to the vein. Instead, you can consider leaving a 4 cm distance to avoid infections. For outdoor tomato farming, there are several varieties that have limited growth and do not need pruning. Most tomato producers stake their tomatoes. Especially when it comes to indeterminate varieties, staking is almost always required. There are several advantages to the use of this technique. First, it prevents foliage and fruits from touching the ground, while at the same time, it leaves extra space for aeration. Moreover, harvesting becomes much easier. The right time to start stacking is when tomatoes have reached an average height of 40 cm (16 inches). Farmers place the stakes linearly next to each plant and gently tie the plants over them. They can also place a wire every 30 cm (11.8 inches) for about 1.5 meters (59 inches) in height. The wire is placed perpendicular to the piles and parallel to the lines. Outdoor tomato farming may require up to 700 mm of irrigation water during a growing season. Much of the water needs in outdoor crops are covered by rainwater. However, tomato water requirements are different during the various development stages of the plant. In general, the critical periods in terms of irrigation are during flowering, fruit set, and of course fruit filling. Prior to those stages, water requirements are smaller. Of course, water requirements can be totally different under different weather and soil conditions. For example, heavy clay soils normally need less irrigation than sandy soils do. On the other hand, different tomato varieties may also have different water requirements. Many producers have reported that they irrigate their plants for 10 minutes every 4-5 days during winter and every two days during summer, at the first stages of the plant development. In this way, they force the plant to ‘seek’ for water and as a result to develop a deeper rooting system. They follow this pattern until the setting of the 3rd inflorescence. From this point and until harvesting, they irrigate their plants almost daily. Farmers generally prefer to water their tomatoes early in the morning or late in the evening. Watering the foliage has been linked with disease outbreaks. In general, excess humidity, especially on foliage, may favor disease outbreaks. On the other hand, water-stressed plants are more susceptible to infections. The most commonly used irrigation system is drip irrigation. Many producers use multiple or single drip pipes of 12-20 mm diameter. These can provide a water supply of 2-8 liters per hour. First of all, you have to take into consideration the soil condition of your field through semi-annual or annual soil testing before applying any fertilization method. There are no two identical fields in the world. Thus, nobody can advise you on fertilization methods, without taking into account your soil’s test data, tissue analysis and crop history of your field. However, we will list some common tomato fertilization programs, used by farmers. According to an old general rule in tomato farming, plants need an average of 300 kg N, 85 kg P2O5, 480 kg K2O, 30 CaO and 18 kg MgO per hectare (= 2.47 acres). In general, farmers make from 0 to 10 fertilizer applications throughout the 2 to 3 months period from transplanting to harvesting. Many farmers apply well-rotted manure towards the rows, about two months before planting. They also use pre-planting fertilization high in nitrogen a couple of days before planting. However, the most common tomato fertilization method is fertigation. Producers inject water-soluble fertilizers inside the drip irrigation system. In this way, they can provide the nutrients gradually and give the plant the proper time to absorb them. A few days after planting they start the fertigation. At this point, they apply a Nitrogen- Phosphorus- Potassium 13-40-13 or 15-30-15 fertilizer, enriched with trace elements (micronutrients). High Phosphorus levels at the first stages will help plants develop a robust root system. Additionally, micronutrients make it easier for plants to overcome any stress conditions caused by transplanting. They continue the applications adding Ca every three days until the 3rd inflorescence set. During the following days, they change the Nitrogen- Phosphorus- Potassium ratio to 1-1-2. By the time the fruits reach their maturity, they change the ratio again to 1-1-3. From this point, they increase Potassium levels because plants have higher needs for potassium in order to create big, well-shaped fruits. According to another fertilization program, the four most important stages of tomato crop cycle are the following: 1.) Leaf Development Stage (2 to 15 days after transplanting) 2.) Flowering Stage (16 to 30 days after transplanting) 3.) Fruit Setting Stage (31 to 41 days after transplanting) 4.) Fruit Growth Stage (day 42 to harvest) During these periods, the total fertilizer application in kg via fertigation include: However, these are just some common practices. No one should follow them without personal research. Every field is different and has different needs. Checking the soil condition and pH is vital before applying any fertilization method. You can consult your local licensed agronomist. The majority of tomatoes reach their full maturity and are ready for harvesting 7-10 weeks after transplanting, depending on the tomato variety, the environmental conditions, the age of the transplants and other farming techniques. Producers harvest the industrial tomatoes (processed tomatoes intended for sauces and canning) mechanically at one session. In most cases, this occurs late in summer. On the contrary, tomatoes that are going to be sold for raw consumption (table varieties) are usually collected by hand, along with the calyx and part of the pod. Farmers usually harvest these tomatoes during one or two stages before the final ripening stage. This is essential for tomatoes that are going to be transported over long distances. The harvest period may last several weeks, so farmers harvest on average 2-3 times per week. Yields on outdoor tomato farming on stalked crops are on average 60-100 tonnes per hectare (53.553 – 89.255 lbs per acre). Determinate varieties, however, do not usually yield more than 30-50 tonnes per hectare (26.776 -44.627 lbs per acre) due to their smaller crop cycle. Industrial outdoor tomatoes from experienced professional growers usually yield 60-80 tonnes per hectare (53.553 – 71.404 lbs per acre). These are average yields, and there are certainly impressive deviations in many cases. Τomatoes are collected and categorized depending on their size, shape and overall condition. They are then transferred to cool but not freezing (13°C – 55.4°F) storage areas, so that a potential weight loss is avoided. Tomatoes can be stored in colder conditions (4°C – 39.2°F) provided they have been collected during their final stages of maturity. If not, the tomatoes will fail to reach the desired maturity level. They will most probably not manage to acquire an intense red color, because the production of substances responsible for giving red color to the fruit stops at low temperatures. It is crucial to understand that a plant nutrient deficiency does not necessarily mean that the soil is depleted. Plant deficiencies occur as a result of various environmental or other factors that lead to the plant’s inability to absorb this specific nutrient. Thus, farmers should consider testing both soil and tissue before they take any corrective action. Only after receiving the results from the laboratory will producers be able to discuss with the agronomist about the solution to the problem. N-Deficiency Tomato plants with N deficiency express their problem with symptoms such as discoloration of older leaves. We start to observe yellow leaves at this part of the foliage soon after the deficiency has begun. A few days later, the entire plant turns light green and often has reduced development. The reasons for such a deficiency may be various, such as increased potassium or phosphorus levels or excess soil humidity levels. K-Deficiency The symptoms of potassium deficiency appear most of the time with characteristic interveinal chlorosis. Older foliage may wilt and turn brown and scorched. Some of the K-deficiency reasons are higher than normal organic matter content, increased Magnesium or Calcium levels, prolonged drought, low pH levels, increased EC levels or low temperatures. Ca-Deficiency The most commonly recognized symptom caused by Ca- deficiency is blossom end rot. By this, we refer to a flat brown area at the fruit blossom end, that may appear at any fruit development stage. The commercial value of the fruits decreases rapidly in this case. Blossom end rot is an ideal environment for secondary fungal infections. Some of the Ca-deficiency causes include extended applications of Nitrogen fertilizers, root injuries that make it difficult for the plant to absorb Calcium, rapid fluctuations of soil water levels, too much Potassium, Magnesium or Sodium, low pH levels, or heavy rainfalls during a short period. Sunscald Sunscald is caused by extended fruit sunlight exposure. Tomatoes develop a characteristic yellow to white area with thin dried skin, at the surface that is directly exposed to sunlight. The cause of this anomaly is the abnormal foliage to fruit ratio. Leafroll Leafroll disorder is believed to appear due to lack of humidity caused by prolonged drought and heat, or other stress factors such as heavy pruning or sudden growth of the plant. It is a common problem in tomatoes that grow in greenhouses. Fruit Cracks Fruit cracks are injuries of the fruit caused by sudden and increased water absorbance, especially after a prolonged drought. Pests Tuta absoluta A few years ago, no one had heard about Tuta. Yet, now it is perhaps the most severe enemy for tomato producers. Tuta absoluta originated in South America and is a highly disastrous Lepidoptera for tomatoes. It also attacks other Solanaceae like potatoes, without causing them such damages. The pest appeared in countries around the Mediterranean, in 2006, while now is one of the biggest nightmares of tomato growers in most tomato producing areas globally. Adults lay their eggs under the foliage, stems or fruits. Young larvae start feeding on them. The foliage or stems collapse and fruits lose their commercial value. Once the crop has been attacked, management is more complicated. Since Tuta develops immunity against pesticides very easily, the best method to control it is through biological management. Pheromone traps are a commonly used technique. They attract male insects preventing them from fertile females. Thus, they somehow reduce their population. Liriomyza Lyriomyza spp is an insect that causes extensive damage in many plants including tomato. The damage caused by this fly is similar to the damage by Tuta absoluta. Adults puncture the leaves, the stems and the fruits and lay their eggs. After hatching, young larvae start to feed by the tissues, causing characteristic white mines. The damage reduces the quality and commercial value of the fruit. Management includes most of the measures suggested for Tuta absoluta. Tetranychus Tetranychus urticae is a tiny spider mite that attacks many crops, including tomatoes. Spiders overwinter in leaf debris and attack tomatoes during hot and dry weather conditions. Mites attack the foliage in order to feed, causing yellow discolorations or a characteristic bronze- brown wilt that resembles flame damage. We may also observe webs between the foliage. A proper technique is to monitor the population using traps constantly. If the number is over the tolerable limits, then you may consider intervening always after consulting a local licensed agronomist. There are biological as well as chemical solutions on the market, which of course should always be used under Good Agricultural Practices standards. Tomato Diseases Botrytis (Grey Mold) Grey mold is a severe tomato disease, caused by the fungus Botrytis cinerea. The pathogen is capable of surviving for long periods in the form of sclerotia. Infections are favored by low temperatures combined with high humidity levels, while wind and rain spread the spores from plant to plant. Symptoms may appear to all the overground parts of the plant; however, healthy tissue is not infected actively. Infections occur to injured tissue, for instance, after pruning. Symptoms include grey to brown lesions formed at the edges of leaves. After a while, these lesions are covered in grey mold. Injured tissue may develop cankers that girdle the veins leading to the death of the plant. If the fruit is indeed infected, then it turns soft and water-soaked. Disease control begins with proper precautionary measures. The most crucial step is crop rotation. Then, weed control and safe distances between plants are important. Adequate pruning at the right time and being careful not to water the foliage are also precautionary measures. The general condition of the plants (nutrients and water level, sun exposure) can also boost their immunity. Chemical treatment is used only if the problem is severe and always under supervision from a local licensed agronomist. It is also crucial to use proper sanitation, such as tools disinfection every time we touch the plants. Alternaria (Early Blight) It is a serious tomato disease caused by the fungus Alternaria solani. The pathogen overwinters on crop debris, seeds or weeds and is spread through air and water. Alternaria infects tomatoes at several development stages. Symptoms include seedlings rot, stem cankers, and others. In order to manage the infection, there are some precautionary measures to consider such as crop rotation, weed control, plant debris removal, drip irrigation and use of resistant tomato varieties. Late Blight (Phytophthora infestans) Heavy rainfalls during late spring or early summer in many countries is a serious sign that the disease will be spread rapidly in large commercial outdoor tomato farms. Infected tomato plants can be destroyed by P. infestans. Tomato fruits have dark brown spots that gradually grow and destroy the whole tomato fruit. Anthracnose Anthracnose is another common tomato disease caused by the fungi Colletotrichum spp. The pathogen may infect all plant parts; however, we observe symptoms most often on ripen fruits. Immature fruits may have been contaminated, but symptoms are not visible yet. Symptoms on ripening tomatoes appear as white circular lesions periodically enlarge, and turn brown. Powdery Mildew Unlike most fungi tomato diseases, Powdery Mildew, although favored by high humidity can develop during dry periods. We can actually see white powdery mildew of fungal mycelium on the upper surface of the leaves. Symptoms may also include green chlorotic angular lesions on the upper surface of the leaves. We must always disinfect our tools after we have handled an infected plant, in order to prevent the infection from spreading to healthy plants. Management includes all the Botrytis control measures combined with the use of resistant plants. Verticillium Wilt This wilt is caused by the fungi Verticillium albo-atrum and V. dahliae. The pathogen survives in plant tissue and can be transmitted by nematodes. The pathogen invades the plant through the roots. We need to be careful because the disease can be asymptomatic during the first stages, making it more difficult to manage later. The disease destroys the plant’s vascular system. Water and nutrients cannot be transferred to the upper parts of the tomato plant. At the last stages of the disease cycle, we observe foliage wilting during hot days. Leaves also develop chlorosis and angular, v-shaped lesions. Tomato spotted wilt (TSWV) The disease of TSWV is also important. Thrips are the most common TSWV transmitters. Symptoms include dark spots on foliage and streaks in stems. If the infection occurs before the fruit set, the plant will probably fail to produce fruits. Unfortunately, it has been observed that the virus also infects weeds immediately after tomato cultivation. This, unfortunately, plays a crucial role in preserving the pathogen even when the field remains fallow. Bulk Tomatoes for Sale When they are ready for transplanting, they make small holes in the plastic film, where they plant the seedlings. Fertilization, Drip Irrigation and Weed Management are applied in most cases. When plants reach a height of 40 cm (16 inches), most growers stake the plants, mainly the indeterminate varieties. If not, the plants are incapable of supporting their weight and further develop (this does not apply for processed tomato varieties). Producers may also apply thinning in some table varieties. This means that commercial tomato growers remove some fruits at their early development stages. They do so in order to encourage the plant to devote its resources to fewer but bigger and tastier fruits. Most producers also apply thinning. They remove the stems that grow between the vein and the foliage. It is crucial to try to cut the stem too close to the vein. Instead, you can consider leaving a 4 cm distance to avoid infections. For outdoor tomato farming, there are several varieties that have limited growth and do not need pruning. During Periods 1 and 2, (29 days in total) they apply 16 kg N, 4 kg P2O5, 24 kg K20 and 2 kg CaO. During period 3, (11 days in total) they apply 6 kg of N, 2 kg of P2O5, 8 kg of K20 and 1 kg of CaO. During period 4 (fruit growth phase), fertilization rates increase dramatically and farmers apply 20 kg N, 6 kg P2O5, 35 kg K20 and 2 kg CaO. These quantities are total (not daily amounts) counted in kilograms per hectare of the total area of the farm. Producers harvest the industrial tomatoes (processed tomatoes intended for sauces and canning) mechanically at one session. In most cases, this occurs late in summer. On the contrary, tomatoes that are going to be sold for raw consumption (table varieties) are usually collected by hand, along with the calyx and part of the pod. Farmers usually harvest these tomatoes during one or two stages before the final ripening stage. This is essential for tomatoes that are going to be transported over long distances. The harvest period may last several weeks, so farmers harvest on average 2-3 times per week. A few years ago, no one had heard about Tuta. Yet, now it is perhaps the most severe enemy for tomato producers. originated in South America and is a highly disastrous Lepidoptera for tomatoes. It also attacks other like potatoes, without causing them such damages. The pest appeared in countries around the Mediterranean, in 2006, while now is one of the biggest nightmares of tomato growers in most tomato producing areas globally. Adults lay their eggs under the foliage, stems or fruits. Young larvae start feeding on them. The foliage or stems collapse and fruits lose their commercial value. Lyriomyza spp is an insect that causes extensive damage in many plants including tomato. The damage caused by this fly is similar to the damage by . Adults puncture the leaves, the stems and the fruits and lay their eggs. After hatching, young larvae start to feed by the tissues, causing characteristic white mines. The damage reduces the quality and commercial value of the fruit. Management includes most of the measures suggested for Tetranychus urticae Grey mold is a severe tomato disease, caused by the fungus Botrytis cinerea. The pathogen is capable of surviving for long periods in the form of sclerotia. Infections are favored by low temperatures combined with high humidity levels, while wind and rain spread the spores from plant to plant. Symptoms may appear to all the overground parts of the plant; however, healthy tissue is not infected actively. Infections occur to injured tissue, for instance, after pruning. Symptoms include grey to brown lesions formed at the edges of leaves. After a while, these lesions are covered in grey mold. Injured tissue may develop cankers that girdle the veins leading to the death of the plant. If the fruit is indeed infected, then it turns soft and water-soaked. It is a serious tomato disease caused by the fungus Alternaria solani. The pathogen overwinters on crop debris, seeds or weeds and is spread through air and water. Alternaria infects tomatoes at several development stages. Symptoms include seedlings rot, stem cankers, and others. In order to manage the infection, there are some precautionary measures to consider such as crop rotation, weed control, plant debris removal, drip irrigation and use of resistant tomato varieties. Late Blight (Phytophthora infestans) Heavy rainfalls during late spring or early summer in many countries is a serious sign that the disease will be spread rapidly in large commercial outdoor tomato farms. Infected tomato plants can be destroyed by P. infestans . Tomato fruits have dark brown spots that gradually grow and destroy the whole tomato fruit. Anthracnose is another common tomato disease caused by the fungi Colletotrichum spp . The pathogen may infect all plant parts; however, we observe symptoms most often on ripen fruits. Immature fruits may have been contaminated, but symptoms are not visible yet. Symptoms on ripening tomatoes appear as white circular lesions periodically enlarge, and turn brown. This wilt is caused by the fungi Verticillium albo-atrum V. dahliae . The pathogen survives in plant tissue and can be transmitted by nematodes. The pathogen invades the plant through the roots. We need to be careful because the disease can be asymptomatic during the first stages, making it more difficult to manage later. The disease destroys the plant’s vascular system. Water and nutrients cannot be transferred to the upper parts of the tomato plant. At the last stages of the disease cycle, we observe foliage wilting during hot days. Leaves also develop chlorosis and angular, v-shaped lesions."
https://wikifarmer.com/how-to-easily-grow-tomatoes-in-your-backyard/,10/19/2023 20:04,"How to easily grow tomatoes in your backyard Tomato Growing tips More and more people like to grow their own fruits and vegetables in their backyard, either because they enjoy this stress-relief process or because they want to control everything they consume. However, growing fruits and vegetables in the backyard have some secrets we will share below. Hints on Growing Tomato in your backyard: Tomato Wholesale Market Tomatoes are warm-season plants. They need temperatures of 18 °C to 26 °C (64.4-78.8 ℉) and plenty of sunlight (at least 6 hours a day) to thrive. Tomato plants can tolerate temperatures near 1 °C (33.8 ℉) without dying out, but only for very short periods. Of course, we will begin to notice problems in fruit setting when daily temperatures remain below 17 °C (63 ℉) for several days. If these temperatures occur during the ripening phase, the fruits will probably not be able to blush, because the production of substances responsible for the red color normally stops below 16 °C (60.8 ℉). Their growth stops completely at temperatures below 9 °C (48.2 ℉). Soil temperatures below 14 °C (57.2 ℉) will most probably cause root growth problems. Problems in fruit setting and ripening also occur at very high temperatures. If you consider starting tomatoes from seed, be sure to buy certified seed from a legitimate seller. Otherwise, germination rates will be probably low, and you will lose your time. Keep in mind that tomato seeds have a low tolerance to cold. Thus, you are advised to make a seedbed first, keeping the soil temperature at 23-26 °C (73.4-78.8 ℉). You can use turf as a substrate for optimal aeration. Temperatures below 10-12 °C (50-53.6 ℉) can prevent germination. The seeds should remain in moist but not soggy soil until germination. The best time to transplant the seedlings to their final positions is 4-7 weeks after sowing, when they will have developed 4-6 true leaves. If you do not want to waste time starting from seeds, you can buy young plants from a nursery and transplant them directly to their final positions. Keep in mind that transplanting tomato seedlings may not be successful at temperatures below 15 °C (59 ℉). Make sure that you do not plant your tomato seedlings in areas where you previously had planted other (tomatoes, potatoes, peppers, eggplants) in order to avoid some soil-borne diseases. In most cases, the right time for planting is during spring. However, in some areas where temperatures are high enough, planting can certainly take place earlier. On the other hand, in the northern areas, producers usually plant tomatoes during early summer or later. There are also late varieties planted very late and harvested during late fall – early winter (November – December). One important step (especially in areas with low soil temperatures during the planting season) is the linear plastic coverage. Many producers cover the rows with black plastic film. They use this technique in order to keep the root zone temperature at optimum levels (above 21 o C or 69.8 ℉) as well as to prevent weeds from growing. If you wish to have many tomato plants in a small yard, keep in mind that professional growers prefer planting in single rows with an average distance of 0.3 – 0.6 m (12-24 in) between plants in the row and 0.8 to 1.3 m (31.5-51.2 in) distance between rows. However, overcrowding the plants is not a good idea. Less dense planting allows for better foliage’s access to sunlight, better aeration and protection against certain diseases. Thus, we can see most amateur growers who have no particular space problem to plant tomatoes 1 meter (40 inches.) apart inside the row and at a distance of 1,5 m (60 inches) between rows. Amateur grower Charles Wilber from Alabama earned a place in the Guinness Book of Records , as the four tomato plants he grew finally produced 620 kg (1366 lbs.) of fruit. When asked about his secret, he said he did not use an expensive hybrid, nor did he applied a specialized fertilizer. Very frequent pinching of suckers was vital to its production. Pruning is very important in tomato cultivation, but not for all varieties. In short, indeterminate varieties need regular pruning, whereas determinate varieties can remain unpruned. Indeterminate varieties are pruned to grow on a single, double or triple stem. Pruning facilitates proper aeration and thus protects the plant from various infections. In addition, we have a better fruit to foliage ratio. When pruning, it is very important to use the proper pruning tools, to avoid harming the plant. Indeterminate tomatoes need support through staking. The simplest technique is to place a stack near every tomato plant and tie gently the stem on the stack. This technique helps the thin tomato tissue stay in a vertical position. At the same time, it prevents stem foliage and fruits from touching the ground and thus, protects the plant from soil pests and diseases. Moreover, stacking makes it easier to harvest the fruits and improves the aeration and general health of the plant. Tomato plants generally have middle to high tolerance to drought. On the other hand, they do not like soggy soil. Thus, you may avoid excessive irrigation. However, tomatoes require frequent watering and especially during fruit filling. Remember that 100 grams of tomato fruit contain more than 94 grams of water. On average, tomato plant consumes 700 mm of total water per growing period for outdoor cultivation. Make sure you provide your plants with stable quantities of water to avoid possible stress on the plant. Keep in mind that uneven watering during fruit set is likely to cause many problems. When growing in your backyard, all you need for the average tomato plant that grows in the average soil is the addition of compost. Composting is an environmentally friendly process with excellent plant nutrition results at home, offering significant savings. It is a process through which organic residues such as leaves, branches, peels and other food residues (e.g. eggshells) that may be present in our kitchen are transformed through various processes and with the help of soil microorganisms into a substance rich in nutrients, called compost. Proper use of compost will prevent soil erosion. Also, soil pathogens are controlled. We need to be careful though, as not all home-grown food waste is suitable for composting. The process is quite simple. You need a compost bin or silo, a shredder, soil and organic waste. The shredder is quite important, as to speed up the process, the materials intended for the composting bin must be small enough. Most tomatoes mature and can be harvested seven to ten weeks from transplanting. If all things go well, you may be able to harvest tomatoes up to 2-3 times per week. Once again, the pruning tools and gloves we need to use must be of high quality and must be accompanied by the necessary certificates. Personal security is a very important factor for a backyard grower. It may be a seemingly harmless hobby, but it does carry risks that an amateur farmer may not have ever imagined. It is important to get good quality boots. The garden often attracts unwanted visitors looking for food, such as snakes or mice, especially during the summer, when tomatoes mature and need to be checked daily for harvest. A wrong step in the garden can turn harmful. It is therefore extremely important to protect your feet from dangers."
https://wikifarmer.com/tomato-plant-information/,10/19/2023 20:04,"Tomato Plant Information This post is also available in: Español (Spanish) Français (French) Deutsch (German) Nederlands (Dutch) हिन्दी (Hindi) العربية (Arabic) Türkçe (Turkish) 简体中文 (Chinese (Simplified)) Русский (Russian) Italiano (Italian) Português (Portuguese (Brazil)) polski (Polish) Tomato’s scientific name is Solanum lycopersicum and is a member of the Solanaceae family. This family also includes other commonly used vegetables like potatoes, peppers, and many others. It is a perennial plant, although most producers grow it as an annual. Tomato plant is a dicot and herbaceous plant. The plant forms a pile root that grows to a depth of up to 2 meters (6,6 ft.). It develops vines that grow as branching stems. At the top, there is a terminal bud. When this bud stops developing further, the plant takes the sign to start growing peripheral buds and consequently new vines. Tomato leaves are usually compound; however, some varieties have simple leaves 10-25 cm (4 -10 inches) long, pinnate with 5-7 leaflets. Both the vines and the leaves are covered with tiny hairs. Flowers are yellow with five lobes on the corolla. They are 1-2 cm (0,4 – 0,8 inch) diameter and grow on the apical meristem. Fruits are berries with small oval to round-shaped, flat, ochre-colored seeds. People around the globe cultivate more than 9.000 tomato varieties. These varieties can be divided into three major categories based on their growth. The three categories of development are: Wild tomato varieties were small and mostly yellow, not red. We could say that they were similar to what we know today as cherry tomatoes. Nowadays, apart from different sizes, we can also find different colors of tomatoes varying from our familiar red, to pink, yellow, orange, purple, white and black. Tomato Bulk Prices Tomato’s scientific name is Solanum lycopersicum and is a member of the Solanaceae family. This family also includes other commonly used vegetables like potatoes, peppers, and many others. It is a perennial plant, although most producers grow it as an annual. People around the globe cultivate more than 9.000 tomato varieties. These varieties can be divided into three major categories based on their growth. The three categories of development are: – In this category, there are varieties with continuous growth. The plants have a relatively constant number of leaves between their inflorescences. We cultivate these varieties mainly indoors. If they grow outdoors, they need support through staking. – In this category, there are varieties whose shoots stop growing when they are at an advanced stage. This category is particularly preferred for outdoor cultivation. – In this category, there are varieties whose shoots interrupt their lateral growth after they give a certain number of flowers (depending on the variety)."
https://wikifarmer.com/climate-and-soil-requirements-for-artichoke-farming/,10/19/2023 20:04,"Artichokes Climate Requirements Soil requirements for Artichoke Farming Artichokes are perennial plants native to Mediterranean countries, and this means they thrive in temperate climates, mild cool, and coastal areas with low frost risk. The optimum temperatures for artichoke cultivation are 20-24°C (68-75°F) during the day and 12-14 °C (54-57 °F) during the night. The plants can tolerate temperatures of -3 to -5℃ (26.6-23 °F), but any temperature below 1℃ (33.8°F) is harmful to the artichokes. When the temperature is between 0 °C (32 °F) and -3 °C( 26.6 °F), bract cells start to die, and once we have temperature further decreased up to -5 °C (23 °F), necrosis of leaves and stems is a common phenomenon. In areas with frost dangers, a common technique is to cut back the plant’s foliage in the fall during dormancy and mulch heavily around them, burying the plant under soil and straws up to 30-46 cm (1-1.5 ft). Mulching can increase the tolerance of the plants to low temperatures, but no plant can escape severe damage in temperatures below -9 °C (15 °F). The plants need to experience some chilling (200-1300 hours at 10 ℃ 50 °F or lower) to flower (vernalization). Depending on the variety, around 200-1300 chilling hours may be needed for the artichokes to produce flowers. Finally, artichokes can withstand temperatures above 30°C (86°F), but under such conditions, the flower heads start to harden and become difficult to eat, reducing their commercial value. Artichokes can grow in a wide range of soils but prefer heavy, deep, fertile, loam-loamy clay soils provided the aeration and drainage is proper for the plant to thrive. In addition, they love high environmental humidity levels and good access to sunlight. Farmers should avoid artichoke cultivation in light soils with very low water holding capacity. We consider the pH of 6-7 as optimum, but the plants can grow well in soil with a pH of 8. The plants can grow in fields with slight slopes (hilly areas), but in that case, different irrigation strategy is needed. Artichokes have a moderate salt tolerance, but significant yield reduction occurs when the soil salinity levels are above 6 dS/m. More specifically, an 11% reduction in production is expected for every increase of 1 dS/m. Finally, it is recommended to test the irrigation water and avoid using it if the boron levels exceed 4 ppm. Artichokes Wholesale Market https://anrcatalog.ucanr.edu/pdf/7221.pdf https://agrilifeextension.tamu.edu/library/gardening/artichokes/ https://ucanr.edu/datastoreFiles/268-765.pdf artichokes climate requirements"
https://wikifarmer.com/soil-preparation-and-planting-in-artichoke-farming/,10/19/2023 20:04,"Soil Preparation in Artichoke Farming Artichoke planting distances and number of plants per hectare. This post is also available in: Español (Spanish) Français (French) Deutsch (German) Türkçe (Turkish) Ελληνικά (Greek) Português (Portuguese (Brazil)) It is advised to perform a soil analysis before planting your crop in order to have more information concerning your soil status. This will help you plan your fertilization and irrigation schedule, among other things. The basic soil preparation starts 1-2 months before transplanting the artichokes. Farmers remove any cultivation residues and weeds, followed sometimes by plowing. Farmers may use compost, well-rotted manure (30-50 tons per hectare or 24,281-40,468 lb/acre, incorporated into the top 25 cm or 9.8 in), or basal synthetic commercial fertilizers to enrich soil nutrients and facilitate plant establishment. Some producers prefer to apply fertilizers only across the lines they are going to plant, while others spread them on the entire field. Of course, the first method is more cost-saving and sustainable. After a few days, and if the soil has a proper moisture level, they till the land. Afterward, you can install the drip irrigation pipes and apply soil disinfection substances through the irrigation system if there is a known history of soil infection problems (ask a licensed agronomist in your area). Artichokes are perennial plants with a productive life of 4-7 years. However, some producers treat them as annuals or biennials. Most growers prefer to use transplants created with one of the two asexual propagating methods, using offshoots or root crowns division. Either way, the right time for transplanting is at the end of the spring. If you choose to use seeds, you can sow them into seedbeds in a protective environment and transplant the seedlings to their final position when they have developed more than five true leaves. After all the preparation steps, we can proceed with transplanting. Planting is usually done semi-manually by people standing on mechanical planters. Growers label the exact point in the soil where they will plant the new plants, and they continue by digging holes and planting the artichokes to a depth of 4-8 inches (10-20) cm. As for the planting distances, they may differ depending on the artichoke variety, the duration of the crop’s life (e.g., one year), the starting plant material, the environmental conditions, the irrigation system, the market requirements (regarding the head size) and of course the yield goals of the farmer. A pattern many growers suggest for thornless varieties is to keep: 70 cm to 80 cm (27.5 – 31.5 in) distance between plants on the row and 1.4 m to 1.6 m (4.6-5 ft) distance between rows. Thorny varieties may be planted with greater intrarow distances (up to 1.80 cm or 5.9 ft.). However, the planting distances may vary from 45 cm (for annuals) to 100 cm (18-39 in) within the rows and 61 cm to 300 cm (2 – 9.8 ft) between rows. For thorny varieties, it is suggested to use an 80cm (31.5 inches) distance within the row and a 1.7-1.8 m (5.6-6 ft) distance between rows. Generally, it is preferred to plant thorn varieties at greater distances because they tend to develop up to three times larger leaf surface than the thornless varieties. Following these patterns, we will plant around 7,000 to 11,000 plants per hectare (3,300-4,500 plants per acre). However, in some cases, a lower planting density of 2,500 plants per hectare (1,000 plants/acre) might be preferred to obtain larger artichokes. (1 hectare = 2.47 acres = 10,000 square meters). Bekheet, S., & Sota, V. (2019). Biodiversity and medicinal uses of globe artichoke (Cynara scolymus L.) plant. Journal of Biodiversity Conservation and Bioresource Management, 5(1), 39-54. Fast Facts about Artichoke Artichoke Health Benefits https://www.nda.agric.za/docs/Brochures/Artichoke2011.pdf https://www.rhs.org.uk/vegetables/globe-artichokes/grow-your-own https://horticulture.oregonstate.edu/oregon-vegetables/artichoke-globe https://coststudyfiles.ucdavis.edu/uploads/cs_public/4d/79/4d793cc9-111b-483c-8625-d1e42f484ac1/artichokes03.pdf https://vric.ucdavis.edu/pdf/artichoke_GrowingArtichokes.pdf Cynara cardunculus var. scolymus planting artichoke"
https://wikifarmer.com/category/vegetables/artichoke/,10/19/2023 20:04,"Artichoke Artichoke Pests, Diseases, and Weed management Artichoke Farming: Harvest, Yield, Storage, and Post-harvest handling Artichoke Fertilization Requirements Artichoke Water Requirements and Irrigation Systems Soil Preparation and Planting in Artichoke Farming Climate and Soil Requirements for Artichoke Farming Artichoke Propagation How to Grow Artichokes for Profit – Professional Artichoke Farming How to Grow Artichokes at Home Artichoke Plant Information Which are the most important pests of artichokes and how to control them Artichoke aphid The Artichoke aphid (Capitophorus elaeagni) is an insect that causes significant damage to artichokes when […] What is the average yield per acre and hectare for artichoke farming? A healthy artichoke produces 5-10 or more flowerheads (flower stalks), with 3-5 buds each, depending on the variety, […] Fertilization Programs in Artichoke Farming Keep in mind that every field is different and no one can advise you on your crop fertilization program without knowing your field’s crop history […] The average artichoke plant needs frequent watering throughout the growing season. The number of irrigation sessions can vary greatly depending on the: soil type, variety and cropping system (e.g., annual […] Soil Preparation in Artichoke Farming It is advised to perform a soil analysis before planting your crop in order to have more information concerning your soil status. This will help […] Artichokes Climate Requirements Artichokes are perennial plants native to Mediterranean countries, and this means they thrive in temperate climates, mild cool, and coastal areas with low frost risk. The optimum […] Artichokes can be propagated in 3 ways: By Seed By Offshoots – Side shoots By Root crown division (underground shoots with apical and lateral buds, called “ovoli”) Seed propagation is […] Growing artichokes –if done rationally and on a scalable basis- can be a good source of income. In a few words, artichoke is a perennial plant, but growers in some […] Artichokes are an excellent option for backyard cultivation as they are generally relatively easy to grow, can last for years, and serve as a great source of nutrients for you […] Artichoke is a perennial plant, native to the Mediterranean region. Its good flavor and health benefits have also led to increased crop cultivation as an annual or biennial plant. The […]"
https://wikifarmer.com/how-to-grow-grapes-for-profit-commercial-grape-growers-essential-guide/,10/19/2023 20:04,"Summary of Vineyard Farming – Growing Grapes Commercially Grape production–if done rationally and on a scalable basis- can be a good source of long term income. However, vine growing, either for raw consumption (table grapes) or winemaking, is a choice that will “tie” you and your land up for at least two decades. Thus, this decision requires extensive research and a clear business plan. First of all, you have to know that many countries have very strict regulations about giving licenses for grapevine growing. Secondly, it is always better to have your own land (at least 4-5 hectares), because growing grapes requires many years of field exploitation. The average vine plant matures and gives the maximum yield about 7-8 years after planting. Thus, if you consider renting a field, fixed costs will increase, and no one can assure you that you will be able to occupy this field a decade from now. In a few words, the vine is a perennial plant, with a great variety of growing techniques. As a general rule, winemaking varieties mature and give a good yield about 7-8 years after planting. On the other hand, contemporary table grapes varieties (intended for raw consumption of grapes) can reach their maturity and give the maximum yield just two years after planting. They can continue to give a good yield for about 15-17 years, and then most table grapes producers plow and destroy the crop because it cannot give a good yield anymore. Most commercial grape growers start the vine from grafted plants. However, in some countries that the soil is free from phylloxera, they may prefer autogenous plants. It is important not to plant a new vineyard in the same place an old one has been recently removed. The soil there will most probably be depleted and possibly infected. The time window between replanting can be 2-5 years (ask a local licensed agronomist). Variety selection is very crucial. Each vine variety has unique quality characteristics that can be expressed only under specific climate and soil conditions and growing techniques. Variety selection is a restrictive factor when growing grapes. The rootstock and scion varieties should be consistent and -of course- choosing the proper variety for your climate is crucial. In general, vines prefer warm and dry summers and cold winters (not frosty), soils with less than 25% clay content and a small percentage in gravel content, although these depend again on the rootstock variety. Sufficient amounts of organic matter are also required. High humidity levels during the summer will most probably increase fungal infections. Temperatures lower than -3 °C (27 °F) during spring or lower than -15 °C (5 °F) during the dormancy period will cause damage on wood, young shoots, and buds. In addition, soil temperatures should be over 5 °C (41 °F) in order for the vine to reclaim in maximum the soil organic matter. Optimum pH and RH levels depend on the variety. Generally, optimum pH levels are between 6,5 and 7,5. However, there are varieties that grow well in levels close to 4,5 or even 8,5. Once you have done with all the bureaucracy and variety selection, you have to start the pre-planning processes. Vine producers till the land at that time and remove any previous crop remains. However, very heavy tillage in the inclined ground may have unpleasant consequences, such as erosion. Extremely inclined fields need to be leveled. If not, water will most probably rinse from upper levels and gather in lower levels, causing waterlogged conditions. Next, producers install the drip irrigation system, when it comes to irrigated vineyards. When they are ready for transplanting, they make small holes in the ground, where they plant the seedlings. Fertilization, Drip Irrigation, and Weed Management are applied in most cases. After transplanting, it is time to apply the shape and training method of the vine. There are several training systems to choose from, depending on the vine variety, environmental and soil conditions, harvesting techniques, and of course, the experience of each grape farmer. Producers give the wanted shape on their vines using support and pruning. This procedure in most cases requires 2-3 years in winemaking varieties and 1-2 year in table grapes varieties Once they have performed trellis implementation and shaping, they start the annual work schedule, which includes pruning, deadheading, defoliation, and grape thinning. Some grape growers remove most of the developing sprouts, during the whole growing period, in order to encourage the plant to devote its resources in fewer but higher in quality fruits. Of course, this method is not preferred by all grape growers. It is crucial to monitor the crop almost daily during the growing season in order to prevent the spread of diseases and other negative circumstances. Harvesting can be made manually, using scissors or knives, or mechanically by harvesting tractors. However, table grapes can only be harvested manually. Each method has its pros and cons. Traditional vineyards in Europe that produce wines of high-quality and low quantity yield are harvested manually. Grape harvesting time is difficult to be generalized. It is a combination of variety together with climate conditions, soil characteristics, and growing techniques. Rarely can we harvest grapes the same date we harvested the previous year. Even on the same farm, with the same vine varieties, harvesting time of vines may differ. Generally, we could say that in the northern hemisphere, most varieties mature from August to November, while in the southern hemisphere from March to August. After harvesting, grape growers carefully separate healthy grapes from diseased, clean them carefully, and either cool and store them in order to be sold raw or start the winemaking procedure. After harvesting and foliage drop, the vine starts to enter the dormancy period periodically. As far as yield is concerned, in general, when we harvest table grape varieties, we can harvest a bigger yield than when we grow wine varieties. But even among wine varieties, there are great differences in yield. Every farmer has to make informed and fact-based decisions and find the proper balance between quantity and quality. Some European grape producers (Sauvignon or Cabernet varieties) claim that they don’t want to harvest more than 6 tons of grapes per hectare, because a higher yield will dramatically decrease the product quality. Although this yield may seem incredibly low compared to other varieties, it is more than enough to financially support the producer, because the product can be marketed at a premium price. On the other hand, medium and low-quality winemaking varieties can give 20-40 tons per hectare or even more, but they cannot be marketed at a high price. Table grape varieties can give a yield of 20-50 tons per hectare. You can click on the following links and read more on each of the growing grape cultivation techniques. International Bulk wine prices Wholesale Grapes for Sale Variety selection is a restrictive factor when growing grapes. The rootstock and scion varieties should be consistent and -of course- choosing the proper variety for your climate is crucial. In general, vines prefer warm and dry summers and cold winters (not frosty), soils with less than 25% clay content and a small percentage in gravel content, although these depend again on the rootstock variety. Sufficient amounts of organic matter are also required. High humidity levels during the summer will most probably increase fungal infections. Temperatures lower than -3 °C (27 °F ) during spring or lower than -15 °C (5 °F ) during the dormancy period will cause damage on wood, young shoots, and buds. In addition, soil temperatures should be over 5 °C (41 °F ) in order for the vine to reclaim in maximum the soil organic matter. Optimum pH and RH levels depend on the variety. Generally, optimum pH levels are between 6,5 and 7,5. However, there are varieties that grow well in levels close to 4,5 or even 8,5. Do you have experience in commercial Viticulture? Please share your experience, methods and practices in the comments below. All the content you add will be soon reviewed by our agronomists. Once approved, it will be added to Wikifarmer.com and it will influence positively thousands of new and experienced farmers across the world. The Grape Grower: A Guide to Organic Viticulture. Lon Rombough. Chelsea Green Publishing https://www.uky.edu/ https://www.sciencedirect.com/science/article/pii/S0304423814002878 Viticulture N.A. Nikolaou, ISBN 978-960-357-081-3 https://plantvillage.psu.edu/topics/grape/infos https://winesvinesanalytics.com/features/article/89709/Smartphones-Invade-Vineyards http://www.tiblalexisestate.com/en/"
https://wikifarmer.com/grape-plant-information/,10/19/2023 20:04,"Grape Plant Information Grape Plant Wiki – Stages of Grape Growth Grapevines belong to Vitaceae family, while the most commonly used varieties belong to Vitis vinifera species (European vine). Other Euvitis subspecies are used as rootstocks in areas with extended Phylloxera problem. Grapevine is a perennial plant bush, characterized by helices – tendrils and trailing growth. It is a climbing plant and normally climbs on rocks or tree trunks. Tendrils grow on stems and are believed to be degenerated inflorescences. Leaves are big, opposite, heart resembled, and inflorescences grow across them. They may be terraced or lobed with 3-5 lobs and distinct nerves. The shape, size and color of leaves depend on the variety. Buds are located on plant knees between axles, and are distinguished in 2 categories : Primary (Winter) and Secondary Buds During spring, we may observe a distinct swelling between stem and petiole. These are the secondary buds. Those are not normally going to sprout during the current growing period. They will most probably stay in lethargy. Next to this bud, there is the primary bud, which is normally going to sprout during the current growing period. In case the primary bud is damaged, usually because of winter frosts (primary bud necrosis), then the secondary bud is going to sprout. Buds give shoots which become canes when they mature. Shoots produce the flower clusters right after sprouting. Flowers on clusters are small 3-4mm (0,12-0.16 inches) and white in color. Normal flowers are hermaphrodite. These flowers are fertilized and produce grape clusters. Grapes account for the vast majority (90-98%) of the cluster’s weight. Grapes botanically are berries. The size and the color of grapes vary among different varieties. The color, which may vary from green to deep red, is a result of the grape content in anthocyanins and flavonoids. This content is basically affected by temperature, pH levels, the growing conditions, and the sugar content. Moreover, we have varieties with seeds and seedless varieties. Seeded varieties may carry up to 4 seeds. Seeds contain tannins at a rate of 4-6%. Generally, the grapevine life cycle has 2 phases, the Growing Period and the Dormancy period. The growing period is separated into three stages. The first stage starts with sprouting and ends with blooming. The second stage starts with blooming and ends with veraison (change of color of grapes) The third stage starts with veraison and ends with maturing. During this stage, acidity normally decreases, while the content of sugars increases. Dormancy starts right after leaf drop and ends with lacrimation (normally late autumn to winter – November to February). During this phase, vines rest. The plants do not perform any of their normal procedures. However, in the tropical zone, dormancy does not occur. Due to the fact that vines do not have to tolerate temperatures below 12 °C (53.6 °F), they escape this phase and the growing period may last up to 100-130 days. Wine Grapes Grapevines belong to Vitaceae family, while the most commonly used varieties belong to Vitis vinifera species (European vine). Other Euvitis subspecies are used as rootstocks in areas with extended Phylloxera problem."
https://wikifarmer.com/viticulture-definition-what-is-viticulture/,10/19/2023 20:04,"Viticulture Definition – What is Viticulture? Viticulture vs. Oenology – Historical Data Viticulture refers to studying and growing grapes, either for wine production or for raw consumption (table grapes). Viticulture includes all the agricultural studies, efforts, and actions of growing grapes until the day of harvest. On the other hand, Oenology refers to studying and growing grapes, especially for wine production, but also to the complicated process of making wine after harvesting the crop. According to studies, first grape producers recorded in the Near East during 6.000-8.000 BC. According to Greek mythology, the ancient god Dionysus brought a grapevine from Asia to the Greeks. The first findings of systemic grapevine production in ancient Greece were determined around 4.000 BC. From 2.000 BC, it had already become a vital element of the country’s economy. Some people believe that it was transferred from Crete to Sicily -and then- to entire Europe from the 13th century onwards. According to World Atlas, the top 5 countries by total tons of produced grapes are: Italy France United States Spain China However, other sources indicate that China may be the world’s largest producer of grapes. Vine products include table grapes, dehydrated grapes (currants), wine, grape juice, concentrated must, distillates, leaves, and vinegar. Of course, different varieties are used for each of the above purposes. Fast Facts on Grapes Grapes Health Benefits Deciding on Grape Varieties Soil Requirements and Preparation for Grapevine Farming Grapevines Planting and Plant spacing – Number of plants per hectare Rare Wine Wholesale Prices – wine wholesale distributors – buy wine online Grapes Wholesale Market"
https://wikifarmer.com/what-is-precision-farming-and-how-can-farmers-benefit-from-it/,10/19/2023 20:04,"What is Precision Farming, and how can farmers benefit from it? Introduction to Precision Agriculture This post is also available in: Español (Spanish) Français (French) Italiano (Italian) Ελληνικά (Greek) Português (Portuguese (Brazil)) The concept of precision agriculture (or precision farming) comes from the realization that the spatial variability distinctive to each field can be measured and managed with site-specific techniques according to the needs of the crop, which by nature are variable in time and space. This information can be gathered and exploited. We live in an era of technological development, and agriculture is undoubtedly affected by it, so much so that each of us has surely heard of precision agriculture. To take advantage and profit from these modern technologies offered by the market, farmers and technicians must know, master, and fully exploit them. The main benefits consist of the following: Plenty of technologies and applications are used in the precision agriculture ecosystem, from its origins to future prospects. But first, a helpful short timeline to provide an idea of the state of the art. Precision Farming Smart farming"
https://wikifarmer.com/what-are-the-main-technologies-and-applications-of-precision-agriculture/,10/19/2023 20:04,"Technologies of precision farming Main satellite constellations, correction systems, and georeferencing GPS guidance systems ISOBUS standard Proximal and remote sensing Drones or UAV (Unmanned Aeriel Systems) FMIS and integrated DSS This post is also available in: Español (Spanish) Français (French) Deutsch (German) Italiano (Italian) Português (Portuguese (Brazil)) The basis of precision agriculture systems in the field is the GNSS (Global Navigation Satellite System), consisting of a network of geostationary satellites in communication with each other. Major nations have a network developed by them, for example, the GPS of the United States (31 satellites), Galileo of the European Union (24 satellites), GLONASS of the Russian Federation (24 satellites), and BeiDou of China (35 satellites). The position determination provided by GNSS alone is limited to the number of satellites available at any given time and is subject to the accumulation of an error of ±30 cm. They are assisted by a series of minor constellations functional for signal correction called DGPS (Differential Global Positioning System). The European Union has the EGNOS network of geostationary satellites in orbit that offers a completely free correction service that reduces the error to ±10 cm. For operations that require an accuracy of a centimeter (±2 cm), such as planting and transplanting, other correction systems can be used, such as RTK (Real Time Kinematic). In practice, the signal is sent to the moving machine (rover) via radio waves or UMTS (mobile cellular network) signal from a series of transmitters on the ground or from a radio antenna installed on the farm. The accuracy of RTK allows guidance lines to be stored and reused for subsequent operations with extreme accuracy and consequent savings in time and fuel. Assisted steering solutions certainly stand out among the major innovations introduced in agriculture. Numerous companies produce these systems, but they all use the same principle: a receiver antenna placed on the farm machine connected to the steering system, accompanied by angle sensors mounted on the wheels, and a special terminal installed in the cab. Satellite guidance systems are divided into: The improved performance of GPS guidance systems and the repeatability over time of operations along the same guidance line have led to Controlled Traffic Farming (CTF), which involves confining the passage of machinery in traffic lanes or streetcar lines (tracks). The benefits are many: reduced trampling, maintenance of soil structure, fuel, and time savings; unfortunately, these are not yet justified against the requirements to apply CTF. In fact, farmers and operators are required to have an in-depth technical knowledge of satellite guidance systems, purchase RTK guidance systems, and adaptation of machinery and equipment to traffic lanes are necessary, and it is hardly possible to adapt the track of harvesting machines. As this is a relatively recent practice that needs further technical and operational refinements, it is not yet widely used. However, a variation of the CTF based on the concept of wide-track (10 m or more) tool-carrying vehicles is becoming popular, an example being the NEXAT (find an in-depth discussion at: https://www.nexat.de/en/). Over the years, major agricultural equipment manufacturers began to develop increasingly technological and complex equipment that required a large number of control units and pushbuttons to operate them, causing an increase in the complexity of operations and stress while working. In 2008, in order to simplify operations and improve operator welfare by enabling the management of implements from a single terminal, a group formed by major equipment manufacturers founded the AEF (Agricultural Industry Electronic Foundation) following the guidelines of the pre-existing SAE-J1939 standard typical of the automotive industry, introducing ISO-11783 and adapting the standards to the needs of the agricultural sector. The founding idea of the ISOBUS project is encapsulated in the concept of “plug & play,” or the connection and interoperability between machinery with the simple use of a dedicated socket. The operating scheme of the ISOBUS system is straightforward and can be schematized in the following way: on board an implement, there is an ECU, the implement ECU, which through the ISOBUS port on the tractor communicates in conjunction with the tractor’s computer (T-ECU), with the Universal Terminal (UT) integrated into the tractor’s on-board display, from which the implement can be controlled directly or with the help of dedicated devices. The main features offered by the ISOBUS system are: More information regarding AEF is available at the following link: https://www.aef-online.org/it/home.html A key feature of precision agriculture is definitely the continuous and timely monitoring of environmental and crop conditions, made possible by the multitude of sensors available on the market. Depending on the specifications of the sensors and the method of detecting environmental and crop parameters, two types of monitoring can be distinguished: The advantages of proximal sensing lie in the cost-effectiveness of the sensors and the continuous collection of data directed to platforms dedicated to their interpretation and use (FMIS). By contrast, in the case of sensors installed in the field, it only returns an estimate of the general condition of the plots; Aerial surveying carried out with chambers of various types provides useful indices for assessing crop and soil conditions. Here are some of the most common ones, distinguished by category: For precise crop monitoring, drones represent the right trade-off between purchase and operating costs, data collected, and information that can be extrapolated, and they are one of the most relevant and promising innovations in agriculture and have already found varied uses, from monitoring to crop defense for some years. First, it is good to clarify the meaning of Unmanned Aircraft Systems. The term UAS is often referred to as SAPR (Remotely Piloted Aerial System) by major air traffic control agencies. As the word system (system) suggests, it does not refer exclusively to the drone itself but to the complex consisting of the drone, the control station (operator), and the link between the two (radio control). By regulation, the operator must be able to maintain visual contact with the drone at all times. Drones have varying characteristics depending on the type of flight organs (fixed wing or propeller), presence, and type of cameras and instruments that can be installed. Commercially available are drones equipped with micro granulators for distributing granules, pellets, or even pollen for assisted pollination, tanks combined with nozzles for distributing liquid products such as plant protection products or liquid fertilizers, or dispensers for the release of beneficial or antagonistic insects. If you are interested in approaching the world of UAS, we recommend that you take the free OPEN A1-A3 Category Certificate valid for the European Union at the following link: https://learningzone.eurocontrol.int The volume of data generated by sensors and machinery requires dedicated information technology tools: farm management information systems (FMIS). They are information systems used to assist farmers in recording activities. Typical functions of FMISs are: the ability to locate one’s farm define plots and boundaries, set crop cycle and rotations, record operations (tillage, planting, nutrition, irrigation, defense, and harvesting), monitor the machinery fleet through telemetry, operating parameters and consumption, to scheduled maintenance and fault detection through alerts. And again, manage the economic and administrative side of the business, collect data from sensors, and receive useful advice to guide choices provided by integrated Decision Support Systems (DSS). DSS is a valuable ally in planning and executing crop operations in the best possible way. They are governed by specific algorithms that can process large amounts of data and return specific advice depending on the farmer’s needs: the period of disease development, products and time most suitable for intervention, the optimal time for planting different crops, timing and volumes of water needed to meet the crop’s water requirements, etc. In addition, in FMIS platforms, it is possible to import, view and process all the maps generated by machinery or satellites in order to create special prescription maps, georeferenced maps in which specific areas of a field can be designated and assigned specific applications values for targeted distribution of seed, fertilizer, crop protection agents or other types of products. Once a prescription map is created, it can be sent via cloud or USB devices directly to the tractor connected to equipment capable of variable rate distribution. The emergence of a vision focused on timeliness, the precision of intervention, and the use of forecasting tools, not linked simply to imported or machinery-generated data but to overall farm management, combined with the aid of increasingly high-performance data interpretation tools, has marked the transition from precision agriculture to the era of smart farming and digital farming based on the intelligent use of data and the creation of value from it. An outlook for the future What does the future hold? The ways forward are numerous and being explored. We can only try to compile a list of the best-known and explored ones so far that promise to revolutionize how agriculture is conceived again. Speaking of the near future, automation is at the forefront. The market offers autonomous robots capable of planting or transplanting seeds, performing mechanical, chemical, or laser weeding using optical sensors and weed recognition algorithms, autonomous tractors capable of performing tillage, ground-based drones capable of detecting crop health status or the presence of pests, and autonomous harvesting robots. Closely related to automation is the use of artificial intelligence, which is already used on some machinery to detect pests or diseases and will, in the future, be an integral part of DSS and provide technical advice to farmers. Consumers, increasingly attentive to the provenance and quality of food, are clamoring to know the processes associated with the products they buy. Blockchain will play a key role in ensuring the authenticity of the supply chain, allowing the entire product lifecycle to be tracked from the field to the table in a transparent and, above all, unalterable way. In general, smart farming and precision farming technologies will help track production processes and demonstrate their sustainability through dedicated practices such as carbon farming or special indices that can estimate or calculate carbon footprint, water footprint, and greenhouse gas (GHG) emissions. Precision Agriculture precision agriculture technologies"
https://wikifarmer.com/precision-agriculture-benefits-and-barriers/,10/19/2023 20:04,"Precision Agriculture – Benefits and Barriers What is precision agriculture? How is it different from traditional methods? What are the benefits on farm and regionally? What are the barriers to adopt? How does COALA fit in? In the 1990s Global Navigation Systems were first commercialised, and a new stage in Aussie Agriculature began. By being able to use digital information along with geospatial tools, farmers and agriculturalists were able to start developing precision agriculture Precision agriculture takes data collected by satellites and then converts them to knowledge that can support and inform farming decisions on the ground. The EU Copernicus programme uses a group of satellites – known as a constellation – which are called the Sentinels. These satellites hold instruments and technology that utilises light human eyes can see (red, green, blue), as well as infrared light that we can’t see. Sentinel imagery can be ground-truthed with data from drones and on-ground sensors —for calibration and validation. These data enable agriculturalists to precisely monitor topsoil properties and crop conditions, crop evapotranspiration, crop water requirements, and nitrogen content in the soil. The Sentinel images and data can be developed as maps that have huge potential for aiding farmers in making water and nutrient saving decisions. Advances in Artificial Intelligence (AI) and big data have, in turn, led agricultural data into being data-driven. There is research that suggests an increase in data-driven agriculture can lead to increased production value. AgTech is any innovation used across the value chain to improve efficiency, profitability and/or sustainability. AgTech is varied and can include hardware as well as software, but also more theoretical applications of AgTecg include business models and new applications of already used technology. Although AgTech is still relatively new, in Australia there is growing attention to the field, even in sectors that have not had traditional involvement in agriculture. Precision agriculture does involve deviations from conventional growing methods. However, it is designed to work with the methods that farmers already use. The data from satellites can present a larger temporal understaning throughout the growing season along with the ability to compare season yields year on year. A concern that is often expressed with regard to the adoption of precision agriculture is how often the data is collected. The Sentinel-2 satellites transverse the Earth every five days, creating a new data set with every cycle. On a large-scale farm, this information would take much longer to collect if travelling on the ground by vehicle. The Sentinel-2 satellites collect information on Leaf area index, NDVI, soil water status, and fractional cover, along with other critical metrics. This information is available to the growers the day after the satellite revists the area. This frequent revisting allows the grower to calculate metrics such as evapotranspiration (ET), crop and irrigation water requirement (CWR, IWR) based on the last satellite acquisition and meteorological data forecast. For this reason, they are available every day up to date with a forecast of up to 5-10 days. Precision agriculture can provide information to growers with great accuracy. How much should I irrigate? When should I irrigate? There are daily fundamental choices that growers make when looking to create a successful growing season – for example, how much irrigation should be applied, and when should the crops be irrigated. Precision irrigation can help improve water use efficiency, decreasing the water footprint in irrigated agriculture. For example, remote sensing in La Mancha Oriental, Spain helps control water usage in ~18400 plots of woody crops along with supporting monitoring of 3700 water meters, within 9968 km2. Remote sensing information makes it possible to locate the plots and wells that should be inspected with an objective selection criterion, saving labour and material resources. Another benefit of using precision agriculture is that satellite image series can be used to produce maps quickly which show the history of a growing plot. These maps are called Management Zone Maps. A time series makes it feasible to understand the plot from season to season. This tool makes it possible to examine whether management affected the differences in a year or if patterns are being repeated, which could be cause by soil limitations. These maps are critical for different management tasks, such as taking samples in the distinct zones of the plot or for variable rate fertilisation, harvesting (production and quality) or sowing. Another Example of Management Zones Maps derived from Sentinel-2 imagery for a farming area of Spain by Agrisat Iberia. The maps are used to determine crop nutrient requirements (e.g. nitrogen). They can guide the application of variable doses (variable-rate treatments) of fertilisers within paddocks. These maps help farmers to assess soil nutrient needs, soil and canopy water status, predict harvests, monitor seasonal changes in vegetation. They can use these data to make informed decisions in implementing and tracking strategies and interventions for sustainable water management. At a regional, state or national level, Management Zone Maps allow for independent and objective estimates of the cultivation extent, for example, supporting efforts to ensure food security in vulnerable areas. Sentinel data has other uses beyond irrigation and nutrient application. These data can also be vital in environmental monitoring, such as drought-induced agricultural production and pasture productivity changes. The decline in land productivity and soil degradation due to excessive cultivation, overgrazing or improper irrigation. While precision agriculture has many benefits to growers, there are barriers to this technology’s uptake. Challenges like digital literacy, limited internet, and perceived lack of relevance or value for money. Growers report feeling overwhelmed because there are a lot of data and a lot of rival products. The COALA project is working to improve how the Copernicus satellites can support Australian agricultural professionals in using Copernicus-based products and services that were previously validated in Europe. COALA technologies and services are designed to help growers utilise more sustainable amounts water and nutrient (i.e. nitrogen application) in Aussie irrigated and rainfed agricultural systems. Our data is being ground-truthed in Australia to ensure that the transfer from Europe is applicable to the Australian context. We are constantly demonstrating that this Earth observation data is reliable as we want to help support a sustainable future in Australian agriculture. The COALA partners have been working to create products and services that help build trust in Earth Observation products developed in validation and consultation with Aussie Farmers. Our partners at the University of Melbourne perform airborne and field campaigns to validate our data. Their airborne campaign is outfitted with multispectral and thermal cameras. In turn, these data are used to improve the core COALA algorithms. The calibration and validation process allows us to provide comprehensive information on sub-paddock crop growth, nutrient and water stress conditions and spatially detailed crop water consumption and cloud computing. Precision agriculture takes data collected by satellites and then converts them to knowledge that can support and inform farming decisions on the ground. The EU Copernicus programme uses a group of satellites – known as a constellation – which are called the Sentinels. These satellites hold instruments and technology that utilises light human eyes can see (red, green, blue), as well as infrared light that we can’t see. Sentinel imagery A concern that is often expressed with regard to the adoption of precision agriculture is how often the data is collected. The Sentinel-2 satellites transverse the Earth every five days, creating a new data set with every cycle. On a large-scale farm, this information would take much longer to collect if travelling on the ground by vehicle. The Sentinel-2 satellites collect information on Leaf area index, NDVI, soil water status, and fractional cover, along with other critical metrics. This information is available to the growers the day after the satellite revists the area. This frequent revisting allows the grower to calculate metrics such as evapotranspiration (ET), crop and irrigation water requirement (CWR, IWR) based on the last satellite acquisition and meteorological data forecast. For this reason, they are available every day up to date with a forecast of up to 5-10 days. Precision agriculture can provide information to growers with great accuracy. How much should I irrigate? When should I irrigate? There are daily fundamental choices that growers make when looking to create a successful growing season – for example, how much irrigation should be applied, and when should the crops be irrigated. Precision irrigation can help improve water use efficiency, decreasing the water footprint in irrigated agriculture. For example, remote sensing in La Mancha Oriental , Spain helps control water usage in ~18400 plots of woody crops along with supporting monitoring of 3700 water meters, within 9968 km . Remote sensing information makes it possible to locate the plots and wells that should be inspected with an objective selection criterion, saving labour and material resources. Another Example of Management Zones Maps derived from Sentinel-2 imagery for a farming area of Spain by Agrisat Iberia. The maps are used to determine crop nutrient requirements (e.g. nitrogen). They can guide the application of variable doses (variable-rate treatments) of fertilisers within paddocks. These maps help farmers to assess soil nutrient needs, soil and canopy water status, predict harvests, monitor seasonal changes in vegetation. They can use these data to make informed decisions in implementing and tracking strategies and interventions for sustainable water management. At a regional, state or national level, Management Zone Maps allow for independent and objective estimates of the cultivation extent, for example, supporting efforts to ensure food security in vulnerable areas. While precision agriculture has many benefits to growers, there are barriers to this technology’s uptake. Challenges like digital literacy, limited internet, and perceived lack of relevance or value for money. Growers report feeling overwhelmed because there are a lot of data and a lot of rival products. The COALA project is working to improve how the Copernicus satellites can support Australian agricultural professionals in using Copernicus-based products and services that were previously validated in Europe. COALA technologies and services are designed to help growers utilise more sustainable amounts water and nutrient (i.e. nitrogen application) in Aussie irrigated and rainfed agricultural systems. Our data is being ground-truthed in Australia to ensure that the transfer from Europe is applicable to the Australian context. We are constantly demonstrating that this Earth observation data is reliable as we want to help support a sustainable future in Australian agriculture. COALA partners agriculture precision project smart"
https://wikifarmer.com/agtech-advancements-in-beef-and-dairy-cattle-production/,10/19/2023 20:04,"The growth of cattle technologies – Technological advances for cattle farming Current applications of new technologies in the cattle industries The Future of cattle technology Tremendous opportunity for livestock farmers Technology is developing rapidly everywhere, including in beef and dairy cattle production. In fact, among all the livestock species, someone could argue that beef and dairy has been the most proactive sector in innovating, researching, and adopting new ideas. For example, artificial insemination and growth implants have been used since the 1950s, and genetic breeding values date to the 1970s. Dairy producers were also early pioneers in using genomics and sexed semen for herd improvement. Technology has undeniably revolutionized the cattle sector’s management practices and enabled it to boost production using fewer resources over the past four decades. And still today, we continue to see that theme in new technologies and companies all geared towards serving the cattle industries. Today, technology is intertwined in every aspect of the beef and dairy communities. Farmers are using innovative technologies not just to improve efficiency and sustainability but also to better care for their animals. Precision livestock technology, or the ability to precisely manage some aspect of livestock farming, is on the rise in cattle production because it can address production costs and labor challenges while increasing output. This is because beef and dairy farmers oversee large numbers of animals and face increasingly difficult labor shortages. Likewise, as prey animals, domestic cattle do not readily show external symptoms of disease or failure to thrive until the impact is quite severe. But artificial intelligence and automated monitoring are fast-developing technologies that allow farmers and ranchers to manage their animals as herds and individuals – 24 hours and seven days a week. Visual data collected by means like cameras, tail monitors, pedometers, environmental monitors, and computers show information that is both actionable and objective. Additionally, more specific sensors are being developed to monitor details like milk quality, cow health, and reproductive status in real time. Cattle-wearing sensors can even be moved remotely from one part of the farm to another with new software and apps. Another undeniable change in cattle farming is the widespread use of robotics. Robots are now used to milk cows, feed animals, and mix rations, jobs that help farmers and ranchers overcome increasing challenges in finding labor. Today, robots are used on more than one in 10 farms. This trend is expected to grow by 20% over the next five years. Though herd and individual animal monitoring are not new for cattle farmers, the amount and kind of data they can collect and use is changing. Technology allows them to “see” a cow without ever taking a look at her in person. One of the herd management tasks that has benefited from technology is heat detection, a vital aspect of keeping dairy cows in production and improving efficiency, production, and profitability. The monitoring tools have become more precise over the years and now provide data for respiration, rumination and eating time, inactivity, and location. Another task that can be easily monitored is body condition scores through feed delivery. Farmers and ranchers can gain insight regarding body reserves and other health statistics in real-time and head off potential mountains while they are still molehills. Many companies have developed technologies to help farmers and ranchers in the livestock sector to improve their operations. In recent years, many professionals and researchers-engineers have focused on efficiency and sustainability. Their solutions range from monitoring systems to invisible fences and beyond – all based on the ability to collect data. One of these innovations introduced to the market is the use of a video analytics platform to glean insights into animal behavior. This information allows the farmer or farm manager to better care for the cow and makes sure no obstacles are standing in the way of her production and health. This information can be shared with veterinarians, nutritionists, and others on the care team. Interestingly, there are important players in the market that strives to empower farmers of all sizes with information that helps them increase productivity while also reducing their carbon footprint. They operate with the belief that people, nature, and machines working together can address major issues facing our planet. Finally, a new technology has been released that allows producers to sort animals based on specific criteria. This is a powerful tool because no two farms operate with the same agenda or look the same. The platform also stores information for the long haul so farmers can analyze trends or gauge progress. Applications for technology in the cattle sector of agriculture abound. There are a few challenges livestock producers face today that cannot be resolved with technology and a desire to overcome. The biggest struggle is getting technology adopted. Multiple computers or displays associated with a single program or technology are among these struggles. Opportunity definitely exists to better integrate all information in a way that can be displayed and used across devices. On smallholder farms or those in more remote regions, having access to the right software and getting internet connectivity for them pose a similar issue. Data alone means nothing. They are only useful when organized and applied meaningfully and used on a user-friendly platform that can be easily understood by various people who care for animals daily. Having the right software and tools to do this is essential for long-term success. Before adopting new technology, cattle producers need to consider what issue it will resolve. Risk and reward need to be weighed along with return on investment. And finally, farmers need to consider how the technology has previously been used and ask if the needs aligned with theirs. Technology in all shapes and forms has already significantly impacted the livestock sector of agriculture. Its impact is sure to be even more far-reaching as more new technologies and innovations are introduced to the sector. Among the strongest assets of these new technologies is their ability to gather data objectively around the clock and provide information farmers and ranchers can use to improve productivity, efficiency, profitability, and animal health and welfare. This is a win-win-win situation for animal welfare, sustainability, and the farmer’s quality of life through reduced labor. Senor and data technologies can help detect sick animals and identify areas for improvement. Computer vision gives farmers a wealth of unbiased data that can be summarized in meaningful, actionable insights. Ultimately, data-driven decisions lead to better, more efficient, and timely actions that advance not just the herd but the entire cattle industry. cattle cattle farming Cattle Production"
https://wikifarmer.com/livestock-agtech-to-improve-sustainability/,10/19/2023 20:04,"AgTech in Today’s Livestock Industries Monitoring Environmental Impact with AgTech The Power of Artificial Intelligence The Future of Livestock AgTech This post is also available in: Deutsch (German) हिन्दी (Hindi) Ελληνικά (Greek) Português (Portuguese (Brazil)) As climate change becomes more pronounced, consumers expect their daily food products – especially their animal proteins – to be produced in a sustainable and environmentally conscious manner. This means that to do their jobs, farmers are relying on modern technologies that allow them to operate their businesses more efficiently, monitor their carbon footprints, and remain profitable. This is a win-win-win for the environment, farmers, and consumers all over the world. These agriculture-focused technologies are sometimes referred to as “agtech,” This terminology covers a wide range of products, management tools, and software. Already there is an abundance of livestock agtech products that focus very heavily (and in some cases exclusively) on mitigating the environmental impact of production. Many exciting opportunities are on the horizon for even more tools that improve efficiency and increase production using fewer resources. Sustainability-focused livestock agtech includes a variety of brand-new, up-and-coming, and familiar products. Some of the earliest developments in sustainable livestock production involve nutritional management – one of the most costly and environmentally taxing aspects of animal farming. These include strategic grazing practices, upgraded fencing, reusing feed ingredients, and advanced nutritional research for optimal feeding. Many of today’s nutrition-focused livestock agtech products are following this pattern but with some modern updates. For example, recent research has shown that the red algae/seaweed Asparagopsis taxiformis can reduce methane emissions in cattle by as much as 67% when fed as only 1% of an animal’s overall diet. And it has the potential to reduce the emissions by as much as 80% when it covers around 3% of the total diet. There are efforts being made to produce, process, and distribute seaweed as a commercialized ingredient for feeding cattle herds all over the world. Another updated agtech development is grazing livestock. Instead of relying on practices like fencing and manually inspecting pasture quality, satellites, and drones are being implemented to influence grazing decisions and cattle movement. In 2021, the United States Department of Agriculture Agricultural Research Service (USDA-ARS) published a study about the positive benefits of using satellites to monitor cattle grazing based on forage growth. This leads to better grazing efficiency for a lower carbon footprint. In a similar way, satellite-based virtual fencing is being implemented as another way to combat climate issues with grazing practices. This allows for a reduction in soil erosion and overgrazing due to more intensely data-based managed grazing. Having a way to monitor data and farm performance is crucial for successfully reducing environmental impact. At one time, it was virtually impossible to monitor the output of greenhouse gas (GHG) emissions or efficiency metrics for an entire farm. But today, we have solutions to make this not only possible but very easy to integrate. These include both farm-wide and animal-specific sensors that can track GHG emissions, including methane and carbon dioxide, monitor environmental conditions, and provide performance data. Another way that environmental-based data is obtained is through feed efficiency. This includes continuous weight and feed consumption monitoring, which is being done by both hardware and camera “machine vision” monitors that track the animal’s behavior and patterns 24/7. This information is then processed and shared with the farmer through a dashboard with recommended courses of action. Artificial Intelligence (AI) is a powerful tool to interpret data so farmers can make environmentally-conscious decisions when using agtech products and software. There is an abundance of data captured by many of the systems mentioned in this article. But translating all that into actionable information can be a difficult task. Fortunately, many agtech platforms have their own integrated AI software that does the hard work for farmers and livestock managers. Instead of relying on human recordkeeping and observation, AI is able to ascertain concrete, factual data and translate it into usable information. This reduces many of the human errors that can happen through communication and differences of opinion. The current offerings already on the market for livestock farmers are impressive. But many more are being developed every day. No doubt, they will reshape how the majority of livestock farming is done. On-farm methane digesters – systems that turn GHG from manure into energy or biofuel and solids into a high-quality eco-friendly fertilizer – aren’t necessarily new innovations. But, thanks to greater advancements to improve them and a push to make them more affordable, more farms are able to implement them into their manure management strategy. Not only does this substantially reduce GHG emissions, but it also cuts the farm’s reliance on conventional power sources. Technologies are also happening on an industry-wide scale to monitor and incentivize sustainable practices. A great example of this is carbon credits, which is a system that allows farmers to turn their sustainability practices that reduce and recapture carbon emissions into monetary tokens. Monetizing sustainable, carbon-capturing practices is still in its infancy. However, there are lots of efforts being made in both the public and private industry sectors to make this a mainstream reality for farmers and investors. Because livestock agtech does a great job of data collection, machine learning, and artificial intelligence, there is much hope that the increased usage of these products will lead to even higher levels of accuracy, greater accessibility, and affordability. The sustainability movement is not a trendy concept that will soon pass for either consumers or farmers. Rather, it is evolving, as are the farming practices that contribute to the production of animal proteins using fewer resources. A starting point today for farmers is taking advantage of technology that collects data by monitoring and tracking animals and then evaluates it in terms of environment and sustainability. A plan of attack for every farm is different because no two farms are alike. Farms are small, large, and everything in between. They are located in every state and managed differently. However, a commonality is that most can better utilize resources already on the farm and be efficient and sustainable by looking locally for solutions. By combining our collective experience with objective data from across the supply chain, all farms will do better, individually and as a whole. With it, the industry can evaluate challenges and adopt solutions that benefit farmers, consumers, and the planet. Read more https://www.epa.gov/anaerobic-digestion/farm-digester-projects https://www.darigold.com/this-red-seaweed-could-cut-cows-methane-emissions-by-80-percent/ https://www.climatehubs.usda.gov/hubs/northwest/topic/virtual-fencing-climate-adaptation-strategy https://www.agproud.com/articles/55308-putting-weight-on-cattle-from-up-above"
https://wikifarmer.com/agtech-innovations-in-livestock-production/,10/19/2023 20:04,"Agtech Sensors in Livestock Production Mobile Devices and Apps for AgTech Drones and Wireless Systems for “smart” livestock farming Data and Artificial Intelligence in livestock farming The Future of AgTech and Livestock This post is also available in: Español (Spanish) Français (French) Ελληνικά (Greek) Modern technology has been changing human lives for decades. Some of these technologies made their way to crop farming years ago as “precision ag” and are now showing up in livestock farming as general “ag technology” or “ag tech.” These developments are helping farmers do things they never dreamed possible, even 10 years ago, and gave birth to a new segment of the industry for careers in ag-tech. Just as GPS, cell phone apps, and artificial intelligence help us manage our schedules and live our lives, technology is assisting livestock farmers and ranchers in managing their operations and enhancing the lives of their animals. Agtech tailored to the livestock industry helps farmers operate their businesses with fewer employees in a tight labor market, improve the health of their animals, increase production using fewer resources, and make wiser financial and economic decisions for the farm. Sensors are a common ag tech application that has been used for many years. A sensor is a device that records and collects data for interpretation by a human or a machine. The data can then be processed and analyzed and made useful through software and apps. Examples include: They are generally categorized as either invasive or non-invasive. Electronic ear tags are a widespread livestock ag-tech development and have been around for decades now. But what is new is what is being done with them. They have been coupled with external sensors around the farm to monitor cow behavior. This is then interpreted by cutting-edge software so farmers can make informed decisions. Most notably, these sensors allow for 24/7 monitoring beyond human ability and tracking that is often not available through visual observations. Among the important data collected are rumination and eating timing, activity and inactivity and location, blood pressure, heart rate, digestion, and respiratory. Another example of this is air sensors in the poultry industry that can now predict the onset of coccidiosis. This intestinal infection can spread quickly among birds without any apparent symptoms. This works because the diseases can be detected via air quality. The concentration of volatile organic compounds in the air increases as the number of infected birds increases. Air sensors can detect this change much earlier than a farmer or veterinarian could. The alerted farmers can then take timely measures to prevent the further spread of the infection. Such a system saves several animal lives and prevents financial losses. In yet another example, studies show that infected pigs move less, by up to 10%, during the first two days of infection. Monitoring this behavioral change can be used to isolate infected animals before they infect many more animals. Among the latest ag-tech developments are apps for mobile devices that allow farmers to know what is happening wherever they are. Many of these are comprehensive software and hardware systems components that marry sensor and camera information via the internet of things or IoT. Convenient apps for mobile devices bring all of this information directly to a convenient dashboard for the farmer to evaluate and make decisions. Some of these functions include regulating the climate in barns and evaluating carbon dioxide, ammonia, temperature, humidity, and illuminance. Apps can also unify the on-farm team for more uniform livestock management. SwineTech is one such platform that helps managers ensure protocols are being adhered to and that there is good communication across the team to prevent serious issues. Widespread use of mobile devices with internet connectivity, camera capabilities, and much more has already changed the landscape of livestock production. Industry experts believe this trend will continue with even more applications such as “telemedicine” or synchronizing data with far away veterinarians and other animal health professionals to make real-time decisions for the herd. Livestock farmers are using drones to help them efficiently and easily access hard-to-reach places. Drones allow them to check feeders, water troughs, fence lines, and animal behaviors, so they can spot potential issues and nip them in the bud before they become bigger problems. For example, drones can help a livestock farmer track movement to spot lethargic animals who may need help. Drones equipped with thermal imagery can be used to check body temperatures, which is another proactive way of detecting illness or infection in the herd. There are also discussions about drones being used to move herd animals in the same manner as dogs do now. Similar to drones, wireless ag-tech servers, and programs, are also enabling farmers to monitor and control different aspects of their operations remotely. InTouch, for example, is able to upgrade a traditional mounted feed mixer wagon to a wireless, remotely monitored system so a farmer can remotely measure all the feed ingredients that go in and out of the wagon. Other wireless livestock ag-tech products include high-end environmental monitors, which will alert the farm managers to changes in the barn’s climate and air quality. There are also developments to make this kind of technology accessible in other applications, such as electric fencing, so that farmers can be notified of any outages by a phone alert. Animal agriculture has been collecting data for decades via various software. In fact, there is so much information livestock producers could lose crucial metrics in a sea of information. Ag-tech data needs to be massaged, sorted, and interpreted correctly to be useful to the farm. Having systems in place to do the heavy number crunching not only advises farm operators on making informed decisions but also allows them to see where we might be missing information that needs to be collected. Students at the South Dakota School of Mines and Technology (SDSMT) are at work using data and AI to develop a tool to help ranchers predict cattle market trends and make optimal business decisions for the farm. This project involves harnessing a wealth of data not often used in previous predictions, including electricity, fuel, vaccines, and more. New ag-tech companies are popping up that think along the same lines. Some programs measure everything in an animal’s life to determine a value for sales, an important source of revenue for livestock farmers and ranchers. In practice, these advanced technologies can be used to determine optimal solutions to many animal farming problems. A few examples include finding optimal solutions to minimize costs, maximize production, increase efficiencies, and create optimal diet formulations. This has led to the ability of advanced technologies to forecast and predict outcomes of economic importance, such as body weight, milk yield, or egg production. AI systems can determine the accuracy of fertility in the early stage of incubation. AI can first learn which eggs are fertile and which are not by scanning the eggs, and then algorithms can be created to determine fertility accuracy. Some have called ag-tech livestock farming animal agriculture’s version of the fourth Industrial Revolution. Agriculture companies, researchers, and even farmers are coming together for events hosted around the globe to showcase their latest wares, share ideas, and learn how to improve lives for farmers of all sizes and backgrounds. In this fast-paced world, new technology is continually being dreamed of and developed. Livestock farmers and ranchers who embrace it will find new ways of doing the work they love. Cattle - Cows AgTech Livestock Production precision livestock farming"
https://wikifarmer.com/category/sustainability/carbon-farming/,10/19/2023 20:04,"Carbon Farming Blue Carbon: A Valuable Tool for Achieving Environmental Sustainability An additional Profit with Carbon Farming – Carbon Offsets Protocol and Certification Agencies Carbon Credits and Sustainable Agricultural Practices – An Overview Carbon Farming – An Overview How to exploit blue carbon for achieving environmental sustainability – Why blue carbon is a sustainable solution The sequestered carbon captured and stored by marine ecosystems, such as seagrass meadows, […] Conservation agriculture (CA) is a farming system that prevents land from erosion and degradation by regenerative agricultural practices. The practices include permanent soil cover, minimum soil disturbance, and diversification of […] Sustainable agriculture is an integral part of the solution to climate change and is essential to achieve a more sustainable and resilient food system. Agricultural activities, such as the production […] Today, the temperature of the earth’s surface is increasing rapidly. There has been a clear 2-degree Celsius increase in global average surface temperature since the pre-industrial era (1880-1900), which means […]"
https://wikifarmer.com/agroecology-an-effective-alternative-to-prevent-new-pandemics/,10/19/2023 20:04,"Agroecology: an effective alternative to prevent new pandemics Tavares Gilmar Professor at Federal University of Lavras This post is also available in: Français (French) Ελληνικά (Greek) The current Covid-19 pandemic started with a natural phenomenon called “Breaking the Barrier.” And so, too, future pandemics will arise. Many viruses that have always survived in balance in wild animals are currently migrating from perfectly harmonious ecosystems, such as the biomes that have been depleted and/or destroyed by unsustainable development. For this reason, “Agroecology“ is a truly sustainable alternative for pandemic prevention. Viruses are the most abundant living beings in nature and are present in all the ecosystems of the planet. In Brazil, the Amazon is considered the natural habitat of the most remarkable diversity of viruses globally, which have always survived in perfect harmony with the native natural and resident flora and fauna, without any problems of infectious coexistence. But, migrating to where?! Migrating to us, human beings! It happens that, when stimulated, viruses, in order to survive, can genetically adapt to humans, who serve as new hosts, thus infecting people and populations on ever-increasing scales. The consequences are the so-called endemics and epidemics, which can quickly turn into pandemics. These are the cases of Ebola, AIDS, and the very recent Covid-19. This natural but evil phenomenon is called “Barrier Breaking.” As an aggravating factor, these viruses can also lodge in insects, such as mosquitoes, which then become vectors and start carrying the infectious viral agents to humans. This is what happens with Malaria, Yellow Fever, and Leishmaniasis. It has also happened with Zika, Denque and Chikungunya. All this happens due to the expansion of deforestation, burning, mining, water pollution, real estate exploitation, adoption of monocultures and extensive pastures, and other predatory human actions, socio-environmentally unsustainable. This is what I classify as “Socio-environmental Delinquency“, since the greenhouse effect and global warming are triggered by the same environmental depredations. This “Socio-environmental Delinquency” is extended to the economic exploitation of caves, grottos, natural rocky massifs, and the like. In the specific case of caves and natural caverns and the unbalance of the millenary resident ecosystem, there is irrecoverable damage to the native and natural, historical archeological heritage! So, a deadly triangulation is then stimulated: <- socio-environmental delinquency -> -> global warming <–> pandemics <- For thousands of years, many viruses, until then little known or even unknown to humans, have lived in perfect symbiotic harmony with wild animals living in their natural habitats, that is, in their Ecosystems and their related Biomes, without causing them significant harm or damage. This is what I call “Harmonious Symbiotic Coexistence.” The continuous and growing aggressions to the native environment, caused by the inconsequent lucrative development and solely commercialist, such as deforestation, burning, mining, water pollution, real estate exploitation, adoption of monocultures and extensive pastures, exploitation of caves and caverns, and other predatory human actions; make those wild animals, natural hosts of the virus, with whom they have always lived together in a balanced way, have their predators diminished, and even, extinct. Thus, the populations of these natural virus hosts increase while their habitats and predators decrease. Consequently, they start to harbor many more viruses, which, as they proliferate, seek to occupy new hosts by a genetic mutation, in the natural evolution of the species, in search of their own survival in their new habitats. When these new hosts are close to human beings, we repeat: there is the contagion by “Barrier Breaking.” The most recent and dramatic example is the current Covid-19 pandemic, which is devastating our entire planet and our lives due to the successive genetic mutations of the precursor viruses until they reach the bats. The most plausible possibility is that natural evolution took care of allowing viruses that inhabit bats, before infecting humans, to have spent a season of mutations in other hosts, or perhaps in the bats themselves. Coronaviruses are everywhere and are the second leading cause of the common cold, after rhinovirus. Until recent decades, they rarely caused severe illness in humans other than a common cold. Human interference, especially in the bats’ natural habitats, forces them to migrate to new habitats, which corroborates the pandemic issue with the environmental issue. And as an aggravating factor, after this brutal pandemic of Covid-19, other pandemics may come, for the same reasons, concomitantly with the greenhouse effect and global warming, which together will cause the resurgence of the disease, hunger, and misery in the poorest countries of the world. Problems with shortages of basic and fundamental foodstuffs will reach catastrophic levels, and the economic/social and environmental consequences will be unpredictable and undoubtedly dramatic and frightening! There will be an upsurge in violence, wars and uprisings, arms and drug trafficking, and attempts at desperate immigration to the so-called developed countries. Exodus and migrations through disorderly marches of starving populations will be inevitable. Agroecology and its “Sustainable Socio-Environmental Technologies“, are economically viable, ecologically correct, socially just, culturally adequate, technologically appropriate, and scientifically proven. Composting, Biofertilization, and Biopesticides, will be able to produce food anywhere on the planet, very quickly and with “almost zero costs.” In parallel with this agroecological food production, there will be environmental protection and preservation of ecosystems and their native and natural biomes, preventing the possible and probable outbreaks of new pandemics for the reasons explained above. In addition to this healthy and immediate production of food and environmental preservation, there is the continuous generation of decent jobs and income in the communities involved, fixing the workers in the field and avoiding disorderly rural exodus and catastrophic human migrations. The UN/FAO recognizes this alternative as viable and recommendable since, in its publication, IFAD/UNEP/WCMC, during the “International Year of Family Farming“ in (2014), solemnly announced: Growing agricultural production to meet increasing global needs using prevailing agricultural practices is unsustainable, and an urgent transformation will be needed. With the right conditions, small producers can be at the forefront of this transformation in global agriculture because: Small producers are a vital part of the global agricultural community but are often overlooked; Small producers manage more than 80 percent of the estimated 500 million small farms in the world and provide more than 80 percent of the food consumed in much of the developing world, contributing significantly to poverty reduction and food security. The productivity of small producers depends on well-functioning ecosystems. Therefore, they protect and conserve them However, small-scale farmers often live in remote and environmentally fragile locations and are usually part of marginalized and underprivileged populations; Conclusions: 1- Pandemics originate from the growing depredations of Ecosystems and their natural Biomes, driven that they are, by an irresponsible and inconsequential development that only aims to profit. That makes viruses lose their hosts, and natural habitats seek new hosts by genetic adaptation in other habitats. 2 – Currently, the most available new host is the human being, and another more available habitat is our homes. 3- To prevent the emergence of new diseases, endemics, epidemics, and pandemics, the sustainable socio-environmental preservation of Ecosystems and their natural and native Biomes, are fundamental and indispensable. 4- Agroecology and Family Farming are safe ways to support this public health purpose because they are socio-environmentally correct and sustainable. 4.1- Agroecology does not use pesticides. Agroecology gives preference to the biological control of pests/diseases in crops and, therefore, does not interfere with the balance of “prey/predator” in traditional ecosystems. 4.2- Agroecology adopts “integrated agricultural systems”, such as agroforestry (SAF), and therefore conserves, protects and never destroys forests, trees and native biomes. The following is a list of more recurrent diseases triggered due to carelessness, neglect, and environmental predation. Diseases transmitted by contaminated air: Asthma. Rhinitis. Pneumonia. Chronic Obstructive Pulmonary Disease. Tuberculosis. Lung cancer. Intox. Exogenous. Diseases transmitted by contaminated soil: Ancylostomiasis. Ascariasis. Larva migrans Tetanus. Tungiasis. Sporotrichosis. Paracoccidioidomycosis. Escherichia coli diarrhea. Amoebiasis Cholera Leptospirosis Bacterial dysentery hepatitis A Schistosomiasis Typhoid fever Ascariasis Rotavirus Toxoplasmosis. Intox. Exógena. To conclude, always remember that: to protect, care for, conserve, and preserve nature, the environment, ecosystems, biomes, and all biodiversity contributes to life without pandemics. agroecology opinion article pandemics"
https://wikifarmer.com/intercropping-for-better-soil-and-water-management/,10/19/2023 20:04,"Intercropping for better soil and water management Soil-protecting crops can be cultivated among other crops Maize-bean/cowpea cultivation. Intercropping means growing different crops at the same (or overlapping) time and same area. Relay intercropping means that crops only overlap some part of the time. Strip intercropping means stripes of two or more rows of one species are among stripes or a row of other species. (Cover Figure) However, intercropping reduces possibilities for complete crop rotation, but, e.g., double rows or stripes can be rotated. Intercropped species may partly differ in their light, water, and nutrient use efficiency. However, even nitrogen-fixing plants mainly fix the amount of nitrogen they need for themselves, most of which is removed with a good seed harvest or even by harvesting tops and roots. Knowledge and management are needed to avoid much damage from some crops to others, e.g., beans climbing on the crop stems. Early soil cover remains the key conservation challenge. Usually, cowpeas of an indeterminate and crawling type that can use the last unreliable rains are seeded at least 2 weeks after maize. The author developed and tested a promising and unconventional intercropping solution for this in southern Ghana in 1986. Fast maturing (60 days) erect high-yielding cowpeas (Vigna unguiculata) were seeded 2 weeks before double rows of dwarf maize across the slope in double rows very early in the rainy season. The cowpeas rapidly protected the soil and flowered before being shaded by the maize plants. Maize requires more consistent rainfalls for seeding. Traditionally, cowpeas continue growing on soil even after harvesting maize. Strip-intercropping can be combined with crop rotation too. Agroforestry can also be seen as a type of intercropping – read more information in the next article. intercropping"
https://wikifarmer.com/category/sustainability/agroecology/,10/19/2023 20:04,"Agroecology Agroecological Water Filter: A technology to make water drinkable and safe for human consumption Repellent plants, traps and natural enemies handling for crop pest management What is Biological Control and how to be used in agriculture How to compose and use biofertilizers safely and effectively The principles and guidelines for successful composting Sustainable Socio-Environmental Technologies of Agroecology The lack of drinkable water puts more and more lives at risk On UN News/Global perspective Human, the UN General Assembly President, during opening the high-level meeting on ensuring water […] Repellent and/or insecticidal plants, traps, and natural enemies handling are some very easy and efficient ways to control important crop pests, especially for smallholders and family farmers. It is known […] This extension post aims to disseminate simple and safe strategies through technical support information that allow the family farmer and/or smallholders to increase the effectiveness of Natural Biological Control in their production […] The principles of Biofertilization What is a biofertilizer? The Biofertilizer is a liquid organic fertilizer that can be produced within any rural property, with materials that are easy to find […] Composting, as a scientifically proven and technologically appropriate sustainable socio-environmental technology, consists of creating conditions, and It is recommended this favorable C/N ratio around 30/01. Therefore, the greater the diversity […] This article, of an extensionist character, intends to demonstrate why Agroecology is an economically/socio-environmentally viable and sustainable solution for all smallholders for producing basic/fundamental foods around the world, especially in […] The current Covid-19 pandemic started with a natural phenomenon called “Breaking the Barrier.” And so, too, future pandemics will arise. Many viruses that have always survived in balance in wild animals […]"
https://wikifarmer.com/agroforestry-combining-trees-and-agriculture-to-improve-soil-water-conservation/,10/19/2023 20:04,"Agroforestry – combining trees and agriculture to improve Soil – Water Conservation Agroforestry does not necessarily mean that the field must look like a forest or forest garden. With cover near the surface, agroforestry can help with soil conservation and water infiltration by: Cover picture: Shelter belt as windbreak. This is one form of agroforestry where interactions of trees or shrubs and crops are used. It can be predominantly agricultural systems with hedges, scattered trees, or many trees along boundaries and buildings. For soil conservation, however, it is important that at least the belts across the slope are covered near the surface – particularly under trees. Agroforestry can be fruit, nuts, and multipurpose trees established in forests. It can be forest gardens established jointly. It can be establishing, weeding, and protecting young forests or plantations among crops during the first years. It can e.g. also be a tree- or shrub fallows that can be combined with growing crops in the first season(s). Pastures with trees are agroforestry too. Areas available for natural forests are decreasing. A natural forest is usually effective in covering the soil surface, conserving soil, and letting the water reach the ground to penetrate it. However, tall trees over bare soil surfaces can increase rainfall’s drop size and energy and consequently erosion. As trimmed hedges, nitrogen-fixing tree-legume can shed protein-rich leaves, promoting biological activity below them and shade near the surface. Hence, water rapidly infiltrates, causing sedimentation and terrace formation. E.g., leaves from the species Calliandra calothyrsus can cover the soil for some weeks and gradually releases their nitrogen due to their content of protein-binding polyphenols. These are also called tannins and can make the tongue stick lightly to the mouth when chewing a leaf. Leaf fibres can also increase durability (crush dried leaves to test). In western Kenya, I could push my finger 8 cm into the soil under such hedges direct seeded by farmers and terraces formed over a few years. In contrast, they had no apparent effect where the soil surface below them was kept clear (e.g., at the international agroforestry research headquarters in Nairobi). About 50% erosion reduction in the first years is typical in studies in the tropics without reported attention to the undergrowth and transplanted with about 50-cm distance. With standard guidelines, establishing enough is challenging for farmers (Mandal (2010). See Figure 1. Figure 1. Multipurpose hedge from the legume plant family. Hedge of the nitrogen-fixing, multipurpose, fodder-tree Calliandra calothyrsus with soil-protecting undergrowth stabilizing slope with leaves near the soil surface, falling leaves, roots, nutrient enrichment, and adding value to areas not cultivated (tilled). Tall trees on farms can also be a challenge because of rain drops joining at them fall with more erosive energy per square meter if the soil surface is not covered like e.g. in a natural forest. Their weight and wind movement can be a problem on steep slopes, but roots may stabilise the soil. Photo by T Mandal 2019, Kitale Kenya at Vi Agroforestry. Some rainwater will evaporate directly from the surfaces of the tree or slowly run down along the stem. However, concentrated flow from stems may start rill erosion, and sometimes soil shaded by trees is bare on slopes. In contrast, e.g., a mosquito net tested at 20-cm height stopped erosion. Challenges mainly with Eucalyptus (or sometimes pine) have unfortunately given all “exotic” trees a bad reputation. Likewise, the tree legume Leucaena leucocephala was promoted as a miracle tree. Still, in 1990, its new shoots were severely hit by Leucaena leafhoppers spreading to the world before natural enemies multiplied locally. agroforestry"
https://wikifarmer.com/soil-and-water-conserving-irrigation-methods-and-alternatives/,10/19/2023 20:04,"Soil and water conserving irrigation methods and alternatives Water Conservation Water can be conserved by fighting the wind and water erosion, as mentioned, but also by improving Water Use Efficiency, e.g., with suitable nutrient supply and irrigation of the crop. This post is also available in: Français (French) Deutsch (German) हिन्दी (Hindi) العربية (Arabic) 简体中文 (Chinese (Simplified)) Português (Portuguese (Brazil)) polski (Polish) Cover Photo: Irrigation by water conservation for rice growing. Soil and water conservation can be combined with irrigation e.g. flood irrigation of rice in Vietnam (above). Water can also be conserved by promoting infiltration into the soil, storage in tanks or dams, or using irrigation water more efficiently. Mulch is a surface cover of dead plant litter or other materials. The soil surface under the mulch will often appear cooler and moister. However, light rain may also stay on top of the mulch away from the roots, and mulch can harbour insects cutting seedlings and attract scraping hens or snakes. Fire may spread in mulch, or nitrogen can get lost in the air as ammonia from N-rich mulch. A visibly dry soil surface will only dry out slowly if it is without active plants or big soil clods. This is caused by suction (capillary water movement) broken by surface drought. Figure 1. Conserving water at site (“in situ”). Water conservation can include water infiltration or retention ditches (if landslides are not a problem). P Most soil and water conservation methods can help by reducing wind and/or increasing water infiltration through the soil surface and soil organic matter. Water conservation can also include effective irrigation methods — and solving other problems for plants so they can use the available water effectively. From Muriuki & Macharia (2011). Falkenmark M 1995, Water Linkages. ISRIC. https://www.isric.org/documents/document-type/green-water-credits-report-k12-inventory-and-analysis-existing-soil-and Open access. Plant and Soil Sciences eLibrary 2022. Irrigation Chapter 8 and 9. Dept. of Agronomy and Horticulture, University of Nebraska. https://passel2.unl.edu/view/lesson/bda727eb8a5a/8 Zawawi N A F et al. 2022 How Thermal, High Pressure, and Ultrasound Inactivation of Various Fruit Cultivars’ Polyphenol Oxidase: Kinetic Inactivation Models and Estimation of Treatment Energy Requirement. Appl. Sci. 2022, 12, 1864; https://doi.org/10.3390/app12041864 CaCl2 CO2 irrigation"
https://wikifarmer.com/landscape-approaches-and-integrated-watershed-management/,10/19/2023 20:04,"Landscape approaches, and integrated watershed management Integrated watershed management and landscape approaches. For soil and water conservation: For wind-erosion On top of steep hills, diverse forests or pastures can be needed. Also, run-off water should be managed, so fields get a steady water supply without buildings being flooded. Therefore, integrated watershed management is based on a landscape approach. (Cover Foto: From India, by Swapnil Kulkarni, India). Collaboration is important between degraded areas upstream (where erosion and rapid water run-off start) and with areas downstream (affected by gully erosion, sedimentation and floods). Likewise, wind erosion should be prevented before sand dunes move from degraded land to valuable areas. Coordination and participation are also important for setting the right priorities in time and adjusting interventions to the local situation. A watershed is an area supplying a river or stream with water, so coordinating conservation efforts makes good sense. Wind erosion or water flows from outside a field can erode the field. Likewise, other areas can also be damaged by erosion, floods, sedimentation, lack of groundwater replenishment from a field, bush fires, or grazing. Else, e.g., ridges and terraces can be flushed away and even concentrate erosive flows. Infrastructures like roads, rails, electricity poles, hydropower dams, channels, and low-lying buildings are badly affected in areas during the season with most problems. Still, the most cost-effective approaches will often focus on preventing risks in time and on causes of erosion before they reach expensive buildings, conserved wetlands, or political power. City planners, politicians, and engineers may get resources for costly treatment of symptoms affecting the most influential. Figure 1. Soil and water conservation can be integrated and adapted to the landscape. E.g., at the top of the cultivated areas, excess water is often infiltrated and led off to natural or secured water way or ponds (left). Sustainable soil and water management uphill can help areas downstream, including towns, by stabilising run-off, soil water, streams, and aquifers as well as rains. In return for secure and good water supply plus reduced flood risks, green water credits can be paid to upstream areas. From Muriuki & Macharia (2011) citing Falkenmark M 1995 (right). Integrated landscape approaches are perspectives and strategies that can help coordinate efforts, set priorities, regulate, advise, and pay upstream areas for ecosystem services benefitting areas downstream. See the Figure 1 above. The most appropriate and reliable methods may benefit all stakeholders and be locally affordable. In addition to farmers and, e.g., flood-affected people, forests, pastures, and water users should be considered – even unorganized and informal users. Likewise, innovative, practical, affordable, multipurpose solutions and “details” should not be neglected – despite the complex system approach. External funding tends to come with many conditions and be stopped. Relying only on them can be risky, e.g., if soil and water conservation structures are not maintained and people depend on them. Furthermore, protecting one area, even temporarily, can increase the pressure on another in ways that may or may not be sustainable. Coordinated efforts are needed for protected areas early to become resilient and valuable, and alternative supplies are available. The shelterbelts and plantations had several benefits. They reduced wind speeds and, therefore, the need for water. Additionally, they gave biomass for fuel and hunting options. The approach has been used in many parts of the world. A challenge can be the cost of seedlings to farmers and/or governments supporting it. Still, an improved low-cost establishment can be tested and promoted, including direct seeding and local transplanting of seedlings with, e.g., moist bare roots and, if needed, tops trimmed or temporarily tied to reduce water demand before roots are fully established. Adhering soil may remain or be flushed off rather than shaken off, damaging fine active roots. landscape approaches"
https://wikifarmer.com/causes-and-effects-of-soil-erosion-and-rapid-water-run-off/,10/19/2023 20:04,"Causes and Effects of Soil Erosion and rapid Water Run-off Soil and water conservation can improve soil fertility and water management. Identify and understand erosion types. Understand practically important principles and signs of soil degradation and erosion by Torsten Mandal, agronomist Causes of soil erosion. Bare loose soil can easily be eroded by wind or water – particularly if it is high in silt – the texture size between sand and clay and low in organic matter, and if it is powdered frequently by some forms of harrowing or other tillage. Soil and water conservation is essential for sustainable, resilient, cost-effective, and productive farming. Many soil fertility benefits take time to be obtained. Soil conservation can also help quickly with water management. Farmers may often be more interested in urgent problems of drought and floods related to erosion and not give priority to specific advice. Usually, the topic is neglected or misunderstood – and inaction and wrong actions worsen it. Many solutions can be adjusted and serve many purposes if the farmer and advisors (agronomists) understand the relevant principles well. When rainfalls start, most water will enter the soil during the first 5 minutes or so. Still, many people will not remain in the field and see the important part of the erosion. It suddenly starts when the soil pores are filled with water and particles if the soil is hit directly by energetic raindrops. Then erosion and run-off suddenly accelerated. Cost-effective prevention tends to receive little attention from decision-makers in cities. Attention here can require dunes to cause damage or downstream areas, hydropower dams, channels, and cities are damaged by sediments, pesticides, and nutrients. Stopping wind- or water erosion (soil removal) is in focus in the narrow sense in this chapter. That can require soil and water conservation for the broader purpose of preventing or reversing the degradation of soil fertility in the form of direct erosion, organic matter, soil structure, nutrient depletion, and/or build-up of salt. This will briefly be covered here and in more detail in the following sections. Figure 1. From left to right. Water erosion processes and signs. Raindrops spoil soil aggregates (crumbs and clods) and soil structure sealing the soil surface and causing splash and sheet erosion after a few minutes of intense rain, particularly in silty soil low in organic matter. Soil is removed where it is not protected by stones, litter, or plants near the surface. It can form rills that can join into gullies more than about 20 cm deep and with undermining waterfalls at their heads. The coarsest particles (sand) first, the silt and finally clay when flow speed reduces. Erosion removes first the most fertile part of the soil – the topsoil. Also, water distribution and nutrients become poor within or outside the field. See the Figure 1 above. Much erosion can suddenly occur in more places with increasingly extreme rainfalls and winds. These may include even fields with modest slopes or with mild wind speeds. Moderate wind can make particles roll or jump near the surface, and the strong wind carries them high and far. Sand can scratch the wax layer of leaves and further increase water loss due to drying wind. Raindrops splash soil longer downslope than upslope, close soil pores, and the erosion gets much faster. Sheet erosion takes place also even before more energetic flows forms rill erosion. Forming new soil takes very long. Some soils only have shallow topsoil and very infertile soil rocks below them. Accordingly, only a soil loss of 10 tons/hectare per year is often considered tolerable (100 m x 100 m = 1 ha). That is one kg per square meter. Early signs of erosion are the removal of unprotected, loose soil (e.g., besides stones, plants, or residues) and deposition (sedimentation) of it where soil movement is slowed or stopped. See the figure above. The dusty soil fraction between typical sand and clay is most erodible, but it is the richest in nutrients and best in holding water available for plants. This powdery fraction is called silt, fine sand, or coarse clay, and the classifications among these change between countries. The biggest particles need the highest speed to move, so deposited material will be sorted after texture (particle size). See the figure above on the right side. Clay and organic matter hold more together, but even the clay can be dispersed when wet. How particles stick together in aggregates determines the soil structure. A simple test of soil texture composition is based on the biggest particles sinking first despite their similar densities. Typical clay clods can be dispersed in water e.g., 30 minutes, and then stirring the soil well in transparent glasses with much more water than soil will show sand at the bottom, silt above it, clay higher again, and some of the organic matter on top. In red and yellow tropical soils, “clay” particles can stick so hard together that they may be classified as “sand” or “silt”, and soil laboratories will add a chemical to disperse more than in pure water. Therefore, soaking and stirring times matter. It also can be used to understand soil fertility variation within many fields. . This is because the biggest particles will settle first (but their densities are similar). Tropical clay particles often stick so hard together that they practically are sand or silt, so the soaking and stirring (or e.g. adding salt) can make a difference for the test. The most infertile parts of a field have often been eroded the most (unless the retention of too much water is the cause of the problem). Later, wind erosion can form small or big dunes. The dunes may move if they and the landscape are not protected with enough vegetation to reduce wind speeds and build up organic matter. It is usually in windy areas without high rainfall and silty or fine sand soil. Water erosion can evolve from sheet to rill erosion, where water speed (kinetic energy) and erosion get much faster. If rills are too big to cover with normal tillage, they form gully erosion. Gullies without vegetation can accelerate quickly from the sides, bottom, and waterfall, undermining the gully head. River and coastal erosion can occur, too, and rapid run-off from the field can increase river erosion. Sediments can cause many problems in channels, dams, rivers, lakes, coast, etc. Particularly if the sediments are high in nutrients, limiting the growth of algae (usually Nitrogen or Phosphorus), or have high levels of pesticides. Landslides can suddenly occur after heavy rains, melting of snow, or storms on slopes with wind-exposed tall, heavy trees, not sheltered inside a forest. It can occur on steep slopes. It can also happen on some old soils (e.g., Luvisols or Alfisols) with only a few percent slopes like 2-5%, where the clay has been washed down into the soil, forming a clay pan. This subsoil layer can easily be compacted by tractor traffic when it is too moist. Then roots and rains cannot penetrate well, and the whole topsoil suddenly can slide down the slope. Small segments to hold the water are not enough. Continuous, deep ditches cut for soil conservation across the slope can also cause landslides. Land degradation can gradually make the soil more exposed to erosion by wind or water run-off and cause other types of land degradation. It can happen with “intensive” and “extensive” agriculture and land use. soil erosion"
https://wikifarmer.com/plant-cover-and-soil-water-conservation/,10/19/2023 20:04,"Plant Cover and Soil – Water Conservation Vegetative soil conservation Good protective cover near the soil surface early in the growing season of crops is important for soil and water conservation – at least in stripes across the slope, at steep slopes, under tall trees and along streams. Plant cover is essential for soil and water conservation and can be efficient even against wind erosion. It can protect the soil surface directly, e.g., against heavy energetic rain drops, help water infiltration and stabilize particles that start to move. Also, increased plant cover can gradually increase soil organic matter stabilizing soil aggregates and biological activities and improving soil aggregate stability and water infiltration and absorption. Biological activity can stabilize aggregates soil with roots, slimes, and fungal hyphae and create pores in the ground. It largely depends on food sources like plant residues. However, to be effective, enough of the cover should be near the soil surface and present during the seasons near the seeding season with low plant cover. Cover of dead plants (litter) can help too. More nutrients and intensive management can mean more plant growth and biological activity, but high levels of phosphate compared to adequate can reduce the growth of fine roots and root-extending symbiotic mycorrhizal fungi. Likewise, more weed control may reduce the total biomass over the year without a cover crop. Establishing enough plants is vital for early plant cover, germination, emergence, and early growth rate. Low irregular germination can be due to late land preparation, damaged seed, poor contact between the seed and soil below, too deep or too shallow sowing, compacted or hot soils, etc. Seed eaters, slow growth after germination or unsuited weather. Plants that are grown mainly to contribute to soil conservation and improvement often have seeds that differ a lot from what farmers are generally used to. The new multipurpose seeds may be smaller (or bigger), needing adjusted seeding depths. See also the subsection below. Wild legumes (‘bean plant family’) are often used in mixes with other cover crops. Such species can also help by fixing nitrogen from the soil air (N2) to eroded soils so plants can use it in the form of ammonium and nitrate nitrogen. Mature, dry seeds will often be unable to absorb water into the hard, smooth, impermeable seed coat or their few small and sealed pores without suitable pre-treatment. It is one type of seed coat or one hard seed dormancy. Hot water may open a few small pores for water uptake over some days but may kill the vital germ in the seed. Seeds’ needs and tolerance can vary with maturity, moisture content, genetic type, etc. Mechanical damage by at least one scratch through the outer seed coat works, and results can be seen after a few seconds or minutes soaked in water (extra coarse sandpaper, sanding machines, or pressing with a shoe against worn concrete can be used, Mandal (e.g. 2010). Some are treated in rotating drums at the seed suppliers. Electrical sanding-papers tools can be used too. Hot water may help the water uptake slowly via a few small pores or kill the seeds. Boiling water for 3 seconds or 80 oC hot water for 3 minutes or 60 oC left to cool down under cover may be tested first and adjusted after observing for 3 – 7 days in a plate with water. Without a thermometer, the following methods can be used: 3 to 1 volume ratio of 100 oC and 20 oC give 80oC. 100 oC and 20 0C in 1:1 ratio gives 60oC. Water stored at room temperature will often be about 20 oC. Guidelines are often risky to use or with little or no effect so trying locally after storing the seed is useful. Sulfuric acid can be used too, but it can be risky for people and the germ, and it is hard to standardize because getting a visible superficial impact on the surface is not always enough. Guidelines are often unreliable, and testing after storage (drying) is advisable. Deep scratching between two layers of extra coarse sandpaper resulting in swelling can be the reliable gold standard to compare with faster methods. Soaking a seed sample in unheated water can help test whether pre-treatment is needed for early (or slow) germination. Timing of germination is important for management, droughts, and competition. See more under Mandal (2010) or the agroforestry section by Mandal – e.g., on improved low-input methods. Seeding or planting in rows across the wind direction or the slope can help against erosion and water loss. It can be done both for the harvested main crops, and for other plants (grass, wild herbs, shrubs, and/or trees) used to protect soil, water, and nutrients. Likewise, simple unploughed strips with spontaneously emerging plants across the direction of erosion can help. Stripes with permanent vegetation can also give protection and feed predators, which are eating harmful pests, that quickly could multiply in seasonal crops. The crop eaters-pests are usually simpler and faster multiplying than their natural enemies. Nectar from flowers helps feed several young beneficial insects including insect-eating types. Figure 1, left and mid. Figures 1. Protective soil surface cover. Relatively narrow (left) or broad (mid) grass stripes can reduce water runoff and erosion. Nitrogen-fixing legumes incl. trees may be needed particularly if nutrients are removed as fodder. Other plants can also be used if low cover of the surface is kept in stripes at the season with most erosion. Early soil cover near the surface among the crops is also important. Dead plant materials (often called mulch or litter) help too (right). Likewise, stones can be used. From Kenya in Muriuki & Macharia (2011). Dead plant materials covering the surface (litter, mulch) can also stop erosion if enough is available near the surface. However, it can be hard to get enough; some rot fast while others, like Eucalyptus leaves, may stay intact and be flushed or blown away. Snakes, rodents, wildfires, insects, and scraping poultry, that are killing seedlings, can also be a problem with mulch layers. They can reduce evaporation from the soil surface and cool it, but rain may not be effective in reaching roots. A soil surface without live plants soon gets too dry to suck more water up quickly (by capillary water movement) unless it has big clods and gaps. Drying by random diffusion of individual water vapour molecules is much slower than suction and other mass movements. Timing seeding of cover and intercrops. Sowing cover crops or intercrops can be combined with weeding or ridging if seeding after the first seeding is best. It can help the first crop to establish with less competition, and suited rows across the slope may be enough to stop erosion. An ox-plough can be tilted to form ridges, or quick rough tractor tillage can leave the surface rough, so water usually neither runs across the furrows. Extending the time of crop cover. Another way to reduce competition is using a cover crop or intercrop that develops deep roots before the top gets big, and the top can later grow much after the main crop, or the first crop, is harvested. Seeding before or after harvesting can also be possible. Even mechanized seeding between residues or cover crops can be possible with suitable machines. Multipurpose use of soil protecting plants and dense, early plant cover can help soil and water conservation. Both early and long-term benefits and costs matter to farmers. Earlier and good crop cover can: – suppress or solve weeds challenges, -feed and shelter natural enemies of crop pests, – reduce nitrogen and potassium leaching, -increase biological nitrogen fixation, -conserve phosphate and other nutrients on the soil surface, – improve soil structure and water infiltration (but transpiration can increase), and – improve root growth, soil organic matter, and microbial activity. Some cover crops can be used as fodder or food. Combining different plants can help establish cover near the soil surface earlier and for a longer time. Such combinations can also add value to protected land; see more in the article about intercropping and agroforestry. To prevent water pollution, mainly with nitrate, it is illegal in, e.g., Denmark to leave soil bare more than necessary. soil plant cover"
https://wikifarmer.com/tillage-can-sometimes-help-but-usually-harm-soil-and-water-conservation/,10/19/2023 20:04,"Tillage can sometimes help but usually harm soil and water conservation Among the Benefits of tillage are the: Tillage can also often increase erosion by: Minimal tillage and alternatives to tillage Managing challenges without moldboard ploughing (turning the soil) Tillage like ploughing, harrowing, ridging or hoeing can help water to enter the soil and reduce wind at a roughened soil surface, but can often powderise soil and thus making it more erodible and with less protective plants and residues on the surface. It can also make water accumulate, break through and start rill erosion. Figure 1. Tillage and soil conservation Figure 1. Tillage and soil conservation. Corresponding positive (left) and negative (right) examples. 1) Ploughing across the slope (right) versus along it (left). 2) Use of tied ridges promoting water infiltration (left); ridges causing accumulation of water and erosive flows (right). 3)Tillage tools cutting weed tops from stems but leaving the surface covered (left). A mouldboard plough that turns the weeds and residues under the soil and needs heavier traction. 4) Structured (aggregated, porous) soil with no or a broken plough sole below the topsoil (left); powdered soil with compact plough sole, is low in organic matter due to oxidation (right). By T Mandal 2022. To improve the impact of tillage on soil and water conservation, you can avoid turning, powdering, or compacting the soil more than needed, and avoid cultivating up and down the slope or in a way so water accumulates and breakthroughs at a low point or causes landslides. Likewise, to reduce the need for damaging tillage, keep the soil covered with plants (other than problematic live weeds) as much as possible. Also, use crop rotation, intercropping, resistant plant types, and host plants for natural enemies of crop pests (that do not infest the crop). Alternative to ploughing crop residues into the soil or burning them can be fodder or compost with more nutrient-rich material like the tops of legumes. Trash lines across slopes can be used, but rodents and, e.g., stem borers may hide in them where they are piled. Likewise, intercropping and cover crops can be used to shade out weeds. Cover crops do not always have to be terminated (killed) by tillage or ploughing; instead, the farmer can select to sow species that can be killed by cold or drought. Growing permanent and long-duration crops like trees and grasses can reduce tillage needs. Long-lasting weeds. The perennial weeds are shooting from underground storage organs after the top is cut back – at least if herbicides also are avoided. That can be a challenge for stopping or reducing tillage and ploughing year after year. However, shade and other competition from cover crops and crop residues may help. Untilled contour strips or roadside vegetation can cause mistaken fear that perennial weeds will infest the tilled fields. However, perennial weeds are usually not competitive in a regular tilled and cropped field. Also, lots of dormant weed seeds and underground storage stems (rhizomes) are usually brought to the surface by ploughing. In brief, reduced tillage, or complete no-tillage in contour lines, is much easier than no tillage, at least without herbicides. Turning the soil can place plant tops deep. However, simply cutting off the tops below the soil surface kills most weeds. It also contributes to depleting the energy store of perennial weeds and delaying weed growth, so crops better can shade them out. Some harrows, e.g., with spring tines, are also suited to pull roots up to dry on the surface for some problematic weeds reproduced by underground horizontal rhizomes (storage ‘roots’). Weed spreading from one farm to the other is usually of minor importance (except for new types) compared to the soil’s weed seed “bank” store. Ploughing seeds deep to prevent germination is common. However, some weed seeds can survive deep in the ground for years and can come up by ploughing and germinating when exposed to light. Many seeds will be eaten by animals or die in other ways if exposed to the surface. Likewise, the perennial plants surviving year after year in untilled contour stripes are not likely to be weeds adapted to fields with even minimal tillage. In most cultivated fields, weeds are from seeds germinating and growing quickly in the light. Soil structure. More organic matter and biological activity, e.g., from conservation farming with cover crops rather than tillage, can also increase soil structure tolerance to tillage and limited tillage systems. Silty soils, low in organic matter, may get a compact surface that tillage can open up for a while. Tillage to look “tidy. Tillage is sometimes done to show absent landowners or other farmers that the farmer is hardworking and orderly. Therefore, awareness is important in the community of the value of reduced- or no-tillage for erosion, climate, and biodiversity. Crop residues. Ploughing crop residues into the soil can be less destructive than burning them. This method may reduce wildfires, difficulties with fieldwork, snakes/rodents, pests, and diseases. Additionally, they can protect the soil surface and prevent erosion if placed and aligned so that they are heated by the sun. Suppose too few nitrogen-rich plants and residues are available. In that case, they can decompose slowly and reduce N-availability in N deficient soil when ploughed in because microorganisms must take N from the ground. Therefore, intercropping or covering crops that are legumes and fixing nitrogen can help microbial degradation in the field, in a compost heap, or as fodder as an alternative to burning. Burning will cause the nitrogen and organic matter to be lost, much of the sulphur and at high-temperature potash. Wind or water erosion can easily also remove ash or distribute it poorly. Nitrogen fertilizers can help use residues low in nitrogen like cereal straw and stalks so they, e.g., can be ploughed in and decompose. Otherwise, the microbes may take up too much nitrogen from fields low in nitrogen for decomposing them and building humus. It is e.g. documented as a problem in African small-scale farming but not in typical farms in Denmark. It can also take extra long time. However, the cheapest types (ammonium sulphate and urea) can acidify soils. Nitrate fertilizers increase pH while calcium ammonium nitrate is generally pH neutral. Soil water extracts with a pH below 5.5 can indicate roots of sensitive plants can be stunted (e.g. common beans). This will often happen in the subsoil first and in the humid tropics and subtropics on reddish or yellowish soils high in exchangeable aluminum. The fertilizer that is used well can increase the production of organic matter from crops (harvested residues and often legumes, fodder, and manure). Growth of weeds, pasture, and trees can also increase, but fertilizers can sometimes make it attractive to suppress weeds, cultivate fragile or ‘exhausted’ soils, and skip methods that conserve and enrich soils. However, less effort, like terracing, may be put into preserving a nutrient-poor field than a more fertile (nutrient-rich) one – if the nutrient-poor cannot be fertilized. Few people understand that fertilizers can help and harm soil conservation and organic matter. Watson PR 1981 (ed. R Davis and M S Chakroff). Field operations and implements Animal traction. Manual M0012 Peace Corps Information Collection & Exchange. http://www.nzdl.org/cgi-bin/library.cgi?e=d-00000-00—off-0hdl–00-0—-0-10-0—0—0direct-10—4——-0-1l–11-en-50—20-about—00-0-1-00-0-0-11-1-0utfZz-8-00&a=d&cl=CL1.1&d=HASH0113c7507f62288f1860ce3b.10 soil and water management tillage"
https://wikifarmer.com/soil-and-water-conservation-structures/,10/19/2023 20:04,"Soil and Water Conservation Structures Soil conservation structures range in wider meaning from uncultivated strips over shelterbelts or terraces to costly engineering. Water conservation and water harvesting, e.g., with ferrocement Slowing flows can be safer than trying to block them, e.g., for gully control. Windbreaks: Important in some areas, but too compact types are risky. Finding the proper slope or the contour line Landslides, cut-off drains, and infiltration ditches. Terrace formation: Differing strategies, risks, and benefits. Lessons learned in Kenya: From bulldozer and orders to more appropriate and participatory methods. Soil conservation structures protect the soil before seasonal crops establish. They can be constructed directly from the start or develop from lines with protecting contour stripes. In the broader sense, structures can mean anything permanent or barriers to wind or water flow of soil, wood, stone, or concrete. Soil and water conservation structures stay in place, so, e.g., terraces can be formed even from belts with permanent vegetation cover. Terraces are most stable if they slope inward or are level (Figure 1). They can consist of a typical soil structure, stone, or concrete or permanent stripes with dead or live plant materials (trash lines or uncultivated contour strips) slowly forming terraces (Figure 2). They can be big or small and made by digging, ploughing, or ridging soil by placing stones, sticks, or plants/seeds in the ground. Plant-covered conservation lines can be established by avoiding tillage of narrow contour strips – with or without seeding protecting plants. Slowly terraces can build up by sediments deposited where water can enter even at the start of the growing season. Structures like fences can also help against water and wind erosion. However, fences of sticks against wind erosion are sometimes cut in an area where they also are needed to protect the soil. Terraces can also be made quickly as bench terraces with more work invested from the start and with the topsoil on the top. Structures can also include cut-off drains and gully control if needed and made well – these can be small or big projects. See Figure 1 below. More related figures are also found in the section on plant cover. Figure 1. Bench terraces Figure 1. Bench terraces can have many forms. From top to down, either: a) Level and maintained by a permanently vegetation covered ridge (shoulder bund). b) Forward or outward sloping and erosion reduced by grass covered steep slopes are usually not fully effective. c) Backward sloping terraces are usually stable and fully effective. They can even be weeded under tree crop between permanently covered slopes. From Muriuki & Macharia (2011) citing Thomas et al. 1997 based on C G Wenner’s compilations for Kenya. Figure 2. Construction of bench terraces and Throwing up-hill terrace formed by the erosion of topsoil to the lower part Figure 2. The four upper drawings: Construction of a bench terraces with the topsoil staying on top. The two lower: Throwing up-hill (fanya juu) terrace formed by erosion of topsoil to the lower part. They can later be remade into bench terraces by digging. From Muriuki & Macharia (2011) citing Thomas et al. 1997 based on C G Wenner’s compilations for Kenya. Water conservation structures like big containers for water from roofs and courtyards, or dams and ponds, can conserve soil and water in liquid forms. It is not in focus in this chapter and, e.g., described for Africa in several books and videos by the very experienced Erik Nissen Petersen, e.g., recommending using experienced specialists in breaking dams because it can be risky. However, these small dams will often be filled with silt, where a protected spring or a pump can be used to take up the water. One of the interesting recommendations is to use light, low-cost ferrocement tanks of good sand (<2 mm, cement, and iron), where good building sand is available. Many binding and barbed wires are used as well as wire mesh. It is completely covered on both sides with a strong cement mortar. Waterproofing is done with a suited concentrated cement. Earlier promoted baskets of sticks and reeds covered like ferrocement were found not to last long. Water conservation directly in fields (called ‘in situ’) helps water enter the soil within the field and many forms of soil conservation. See also the section focusing on water conservation, including irrigation methods. Massive structures can concentrate and accelerate wind or water flows passing over or around them via gaps between or weak spots. This can increase erosion by wind or water and is often a neglected problem. It can happen with built structures and even with certain plants like bamboo, sisal, or even compact lines of vetiver grass lines, unlike most smaller and scattered grasses. For vetiver grass, see Figure 3 left. The overflow should be to secured surfaces and undermining prevented. Slowing and filtering the flow is usually safer. Kind terraces or steps can form. Establishing plants in gullies or other highly eroded areas can require a slow-release source of nutrients, nitrogen-fixing bacteria, and beneficial root fungi (e.g., from grassroots to trees without needles). A low-cost approach to gully management worth trying is to lead the water off to a safer, secured route. This consists of a standard guideline. One can also try to dump crop residues, tree branches, scratched tree legume seeds, soil, and roots from where they fixed nitrogen in the top of the gully, so they hopefully settle and stabilize the gully in the areas where the flow is slow. A photo in Mandal (2010) shows how legume tree seeds resulted in the greening of a stony hill (below). Figure 3 right. Windbreaks or shelterbelts in temperate areas should have about half open to look through, 30-70% visual opening one can look through at the season the effect is most important – usually seeding times. Shelterbelts of deciduous trees (with no leaves in the winter) will give a more even distribution of snow than evergreen conifers. Figure 3. Vetiver grass conserving a terrace edge at Vi Agroforestry, Kitale in Kenya (left). Stony hill revegetated spontaneously starting with seeds of the nitrogen-fixing tree legume and pioneer plant Calliandra calothyrsus (small leaflets) followed by e.g. Senna spectabilis (bigger leaflets). Photos by Torsten Mandal in Kenya 2019 and 2017. Concentrating and accelerating winds in openings should be avoided. Windbreaks should have no sudden ends at the sides or where roads pass. Likewise, wind-exposed tree lines need low branches with shrubs or short trees near the ground. With dense hedges and little or no air movements, the soil can get too hot for seeds to germinate in tropical lowlands, as a barefooted farm boy in Sudan mentioned to a team of experts. Soil surfaces hotter than the human body are common in direct sun in the tropic. They can prevent seeds from germinating or emerging in sunny periods (personal observations, Kenya 1994-96). Accordingly, scattered, valuable trees are traditionally used in the Sahel in a parkland agroforestry system. Where heat is not the problem, a gradual reduction of the windbreak’s height can also be used so the wind is not quickly pulled down after hitting it. Slopes in fields are often irregular, and it can be challenging to make structures with a no slope or a constant slight slope of, e.g., 3 % to lead off the water slowly. No slope can be used in some infiltration ditches but see below about landslides. A ditch to direct water away can have a 1-5% slope can work, e.g., along roads (DiBiaso 2000). One can use a straight string with a spirit level at the middle or an A-frame of three joint sticks with a string from the top of the A-shaped structure to a load. Depending on the slope between the less of the A-frame, the string can be at marks at the horizontal stick to show 0 and, e.g., a 3% slope. The slope is not critical for water infiltrating in permanent vegetation or stone cover without raised edges. If water is led from the field and downslope, it can be led down at broad grazed waterways. However, these often become overgrazed, eroded cattle tracks and gullies on shared land with common pastures at the top of the hill. The water mustn’t be collected at the lower part of drains or furrows and causes concentrated rapid flows. Segmented or tied structures can help and should often be used to prevent sideward flows. Likewise, getting most water to infiltrate between structures can help promote water infiltration by a stable, open, and biologically active soil. In some cases, measuring the slope is unnecessary because the water can infiltrate well. A cut-off drain above the conserved fields is usually recommended to prevent uncontrolled flows from higher areas. If such water is collected in a safely constructed pond high on the slope, it is easier to lead down by gravity for irrigation when needed. Water may be conserved if water infiltration ditches are used, but landslides can be a risk in some areas where much entering water can make the topsoil unstable and detached from the subsoil. A subsoil with compact clay can hold back the water, so the soil layer above becomes a thick unstable liquid. It can occur also in areas with little slope. Then heavy trees give extra weight, while low hedges of shrubs may not help much. Soil with a mixture of big and small particles and stable aggregates tends to be more durable. Infiltration ditches can be made safer if they do not cut through the soil in an almost continuous line. Accordingly, water-infiltration-ditches where landslides could start. can be replaced with holes or half-moon structures can be scattered. They can also be on the surface. Instead, scattered water harvesting holes, short ditches or half-moon-shaped structures can be used safer. Short shrubs and scattered pruned, light trees and better than wind-exposed contour lines of tall, heavy trees with shallow roots along contour ditches. Importing widely promoted conservation or zaï-pit farming methods from sandy, semiarid areas in the Sahel to more moist areas, with, e.g., more than 1,000 mm rainfall a year, can cause problems with waterlogging and reduce yields. Also, if the worst soil fertility problems are not solved at the seeding point, farmers may not work much to solve water problems and vice versa. If too fresh compost or manure is used, it can harm roots and seeds – particularly if it is combined with waterlogging and poor aeration due to smelly toxic gases and organic acids. Adaptations can be made like seeding the seeds mainly on the sides of pits. Bulldozers and tractors can form terraces, which can compact the subsoil and cause more erosion. It is also essential to keep the topsoil on top of the subsoil so that seedlings can grow fast, and water and nutrients can be used by roots also after shallow rains. Terraces can also be formed progressively or passively by water entering contour lines continuously protected by low vegetation, litter, or stones. Seeding or planting grasses, herbs, shrubs, and trees along such lines can help. Hedges of shrubs or low trees can help stabilize roots and organic matter and reduce rain erosivity, unlike trees without low leaves (Luna et al., 2000; Shinohara et al., 2018). They can benefit from nutrients also in topsoil covered by subsoil unless shallow rains only moisten the soil surface. Seeds of wild legumes usually need pre-treatment to germinate in time to survive, and they can need help to emerge in hot soil or compete with other plants when young, e.g., by getting access to compatible nitrogen-fixing bacteria and phosphate. These methods allowed farmers to establish small trees with short intervals like 10 cm that hold back plant litter. These protein-rich litter made a biologically active, porous, and stable soil surface ideal for water infiltration. This was combined with leaves and twigs collected near the surface all the year, good shade feed for biological activity, and little or no need for weeding under established hedges. See Mandal (2010) for improved low-input methods to establish tree legumes as contour hedges, making direct seeding much more reliable. In Kenya, e.g., in Machakos and Kitui districts, promoting bulldozer-made terraces and a colonial approach based on top-down orders were used first. It was partly successfully replaced by informing all levels of other methods. These included promoting terraces formed as progressive or passive terracing by erosion. It can be done first by throwing soil up the slope in big contour ridges from trenches for overflow and establishing a protective cover of grass and small fruit trees or nitrogen-fixing shrubs/trees for fodder, manure, fuel, etc. These are called fanya-juu (making upward) terraces in Swahili. See the Figure 2 lower part, above in the text. Short-term benefits from water conservation are important for motivating farmers. So are reducing initial investments and increasing multipurpose benefits from strips with permanent vegetation. Methods and experiences from western and eastern Kenya have been described and illustrated by Watene and others (2021) and Muriuki (2011), respectively. Maintenance and leading excess water away safely are challenging, but some erosion control is in place at most sites in Kenya. This was partly driven by demand for fruits and milk products. Development aid also plaid an essential role in introducing appropriate methods and local participation at all levels. Guidelines from hilly clay soils were used all over Kenya but later revised in the sandy and coastal areas where the promoted structures were much bigger than needed. Slope angles should also be fitted to soil types as the least stable soils are sandy soils and soils with a uniform texture and few roots. Maintaining soil fertility and plant cover is challenging in eroded areas, despite some nutrients being deposited with erosion. Legumes covering the ground, e.g., with grass, may only live a few years for the same species of herbs, but a rotation can be used. Recycling nutrients from stables (and toilets) to terraces is challenging, particularly if nitrogen fixation is ineffective: if rainwater is mixed with livestock dung and urine, much fodder is removed from them, or erosion is not fully stopped. Recycling humane waste is also challenging, but most nutrients are at least found in the urine, and multipurpose hedges and ash could be used too for recycling. Outward sloping terraces can be stabilized by making them slope inward, but topsoil should stay on top, and run-off water still be managed if it cannot always infiltrate safely. Bench terraces require more initial work but can hold the topsoil and make the slope have an inward direction. Terraces formed by erosion can also be changed afterward. To create bench terraces: 1st contour lines are marked out, 2nd topsoil is placed in the middle, 3rd subsoil from the upper part is moved to the lower, 4th topsoil is placed on top, 5th protective vegetation is established. See the detailed section on soil conservation structures. See the Figures 1 and the upper part of 2 above. Each country, e.g., in East Africa, tends to have different guidelines that tend to depend more on political borders than the landscape and farmers. Several factors are essential for soil conservation needs (rainfall intensity, length and steepness of slope, soils, crop factors, and conservation methods). Smaller structures can be suitable if distances are smaller and can be combined with mechanization needs. Big vertical distances of, e.g., 1.7 meters (a common eye height), can expose much subsoil on the upper part if good conservation strategies are not used within the terrace. Such a guideline was introduced in Uganda in colonial times, as the smallest officer guest farmers could be convinced. Others recommend shorter intervals (see, e.g., Muriuki & Macharia (2011, chapter 4, for gentle slopes). Local experience and availability of time, land, and material may be a more relevant guide. Adaptations to sandy coastal soils were introduced late in Kenya. In Asia, traditional rice field terraces are often only about knee-high but steep. The most important is, that structures will be maintained and do not concentrate water breaking through. In some eroded areas, stones must be removed from fields and placed along contour lines within a short distance as practical for fieldwork. Particularly shallow soils will be lost at the upper part of terraces if the distance is big. It is important to start from the upper part of the slope and combine it with other measures. Very intense rainfall incidences are the most important for erosion, so if structures are used, they should help and not harm in these extreme events. Resilient soil conservation is particularly important in seasons with low plant cover near the surface, making structures important and challenging. Very narrow permanently vegetated stripes can help form terrace structures if their interval is sufficiently short and if they slow rather than blocking the water flow. However, even for hardy species like vetiver grasses, their nutrient supply, multipurpose use, and establishment cost are essential. Nutrient cycling and nitrogen fixation should be included – particularly if nutrients are removed for fodder. DiBaso, M 2000 Ditch Basics. Road Business 15, 4-5. https://t2.unh.edu/sites/t2.unh.edu/files/documents/newsletters/2000/DitchBasics.pdf soil and water conservation Soil Conservation Structures Water Conservation Structures"
https://wikifarmer.com/earth-observation-for-water-management-and-precision-irrigation-cases-studies/,10/19/2023 20:04,"Case study 1: Water management Case study 2: Precision irrigation Case study 3: Dryland crop management Case study 4: Non-compliance detection Earth observation uses sensors to collect information about the Earth’s surface from a distance. The COALA project applies Earth Observation technologies to create precision agriculture methodologies to optimise crop yields and manage nutrient input, such as by limiting the use of fertilisers. But the applications of earth observation go beyond farming. Earth observation has proven to be an effective tool in water management, precision irrigation, dryland crop management, and detecting non-compliance with regulations related to water use. In our first article for Wikifarmer, we introduced the COALA project and discussed the application of precision agriculture and its benefits for farmers. This article will build upon these concepts and explore specific case studies where earth observation can be applied beyond nutrients and crop yield. ANBI Campania is a non-profit organisation based in Italy and plays a critical role in the COALA project, a collaborative effort to develop advanced logistics analytics solutions for cloud-based supply chains. The organisation’s expertise in monitoring water resources and allocation and its mission to promote sustainable irrigation management make it a valuable partner in the project. ANBI Campania covers over 60% of the region and aims to adopt innovative irrigation management methods to help save water. ANBI Campania’s irrigation management system is based on annual declarations of farmers. In the past the consortium produced and validated maps of irrigated areas, crop type classification, crop evapotranspiration, and net and gross irrigation water requirements. Their projects have resulted in increased compliant declarations and the ability to identify non-compliant assertions quickly. In addition, the products and services derived from the Copernicus satellites helped the consortium interact and communicate with farmers better, promoting fair and responsible water usage while reducing water waste. In summary, ANBI Campania’s extensive experience in water management and its partnership with the COALA project highlights the importance of experienced water managers in developing advanced analytics solutions for sustainable water use. The consortium’s success in adopting innovative irrigation management methods and implementing the ‘Regional Irrigation Advisory Plan’ is an excellent example of the positive impact of advanced technology in water management. The DIANA project demonstrated the importance of implementing a monitoring system to ensure that water is allocated equitably and to promote responsible water use. ANBI Campania’s contributions to these projects showcase the importance of collaboration and innovation in providing sustainable water use for the benefit of all stakeholders. One case study of the COALA project’s application is managing irrigation in the Murray Darling Basin in Australia. The Murray Darling Basin is a large agricultural region that relies heavily on irrigation for crop production. The COALA project partnered with the Australian company Rubicon Water to develop an advanced water management system that uses cloud-based logistics analytics to improve irrigation efficiency and reduce water usage. The project involved the installation of sensors and monitoring devices at various points in the irrigation network, including water meters, flow sensors, and weather stations. These devices provide real-time data on water usage, weather patterns, and other factors impacting irrigation efficiency. The data is then analysed using the COALA project’s logistics analytics solutions, which can identify opportunities for optimisation, predict future demand, and improve resource allocation. As a result, the project has helped to improve irrigation efficiency by over 20%, resulting in significant cost savings for farmers and reducing the environmental impact of water usage in the region. The COALA project’s irrigation management system in the Murray Darling Basin is a valuable case study in applying advanced logistics analytics solutions in the agricultural sector. By providing real-time insights into irrigation activities and predicting future demand, the project has helped to improve efficiency, reduce water usage, and improve the sustainability of agriculture in the region. The project has also demonstrated the potential for cloud-based logistics analytics solutions to be applied to other agricultural areas worldwide, helping to address the global challenge of feeding a growing population while preserving natural resources. The COALA project is a joint effort between AgriSat and UCLM to generate satellite-derived products to assist in managing dryland crops in the Mallee and Wimmera regions of Victoria, Australia. As part of the 2020 campaign, four COALA products were generated to help farmers manage dryland crops. These products include day-to-day crop monitoring, management zone maps, nitrogen nutrition index (NNI), and crop yield estimation using the MYRS model. To evaluate the effectiveness of the COALA products, two growers collaborating on the project, Tim McClelland and Cameron Taylor, were interviewed about their on-farm experience. One of the most significant advantages of the COALA products was using time series of satellite images to monitor the crop week by week. This allowed the growers to detect weedy areas within the plot at the crop’s early stages and adapt their management accordingly. Another helpful tool provided by the COALA products was the generation of management zone maps (MZM), which differentiate the different zones of the productive potential of the plot. The MZMs help detects different productive zones of a plot year by year, providing a quick and accurate analysis of the plot’s history. This information allows farmers to determine if a management problem caused differences in a specific year or if patterns are repeated year after year. The MZMs are critical for different management tasks, such as taking samples in the distinct zones of the plot or for variable rate fertilisation, harvesting (production and quality), or sowing. The COALA products also provided early detection of possible nitrogen deficiencies in crops, which is essential for optimal crop growth. Additionally, the crop yield estimation using the MYRS model allowed for daily monitoring of the crop’s NDVI evolution, meteorological data, and crop water stress estimation. This information helped farmers predict crop yield and optimise their management practices accordingly. Overall, the COALA project provided significant benefits to the participating farmers, including early detection of potential issues and the ability to adapt management practices accordingly. In addition, the use of satellite-derived COALA products helped the growers optimise their crop yields and make informed decisions about management practices. Remote sensing-based tools effectively control illegal water use in La Mancha Oriental, Spain, where strict rules regulate irrigation water use. However, with increased droughts and changing climate, irrigation non-compliance has become a severe issue. These techniques help locate irrigated areas without concession and excesses of the authorised volume. The ERMOT and DIANA projects have provided water managers with robust, remote sensing-based tools to locate potential defaulters. The geographic information system shared between water users and the Júcar Hydrographic Confederation provides the areas with irrigation authorisation. Remote sensing allows farmers to obtain information about the quantity, quality, and development of vegetation in a plot, which can be used to estimate water consumption and ensure compliance with authorised volumes. The control system’s effectiveness has allowed non-compliance with the rules to be low. The volume of illegal irrigation water used represents less than 1% of all uses in La Mancha Oriental. Control of non-compliance with the rules for using irrigation water is essential to avoid overexploitation of water bodies. The information provided by earth observation is inexpensive and highly effective in controlling water use. While earth observation is frequently associated with precision agriculture, its applications extend beyond this realm. As seen in the case study of La Mancha Oriental, remote sensing-based tools can effectively detect irrigation non-compliance, helping to control illegal water uses and avoid overexploitation of water bodies. The use of earth observation for water management and precision irrigation has the potential to significantly impact the agricultural sector and help ensure the sustainable use of natural resources. As technology advances, the applications of earth observation in agriculture and beyond will only continue to expand. coala earth observation precision irrigation water management"
https://wikifarmer.com/soil-and-water-conservation-strategies/,10/19/2023 20:04,"Soil and Water Conservation Strategies Plant and soil cover near the surface can help soil and water conservation, but trees can help and harm cultivated land. Crop establishment and growth, cover crops, and plant cover Intercropping Agroforestry Integrated watershed management Improved low-input agroforestry and methods Water conservation Several practical principles for soil and water conservations are important to be understood and combined – including how to use them so they help rather than harm and give multiple benefits at a limited cost in time. Low or slowly established vegetation cover after land preparation exposes the soil to wind and raindrops at least at the start of the cropping season. See Figure 1 below. Poor plant cover can be due to intensive tillage (soil disturbance), cultivation and planting methods, and/or due to soil depletion of nutrients and soil organic matter. Some will confusingly blame “intensive” and some blame “extensive farming, but it should depend on what is intensified and how. Slow plant growth and some cultivation methods and crops cause a decrease in soil organic matter and surface cover. Mineral fertilizers can make plants grow faster, but sometimes they are used to replace other soil conserving and improving methods like intercropping and fallow farming with plant cover. Cover near the soil surface matters. Protection against rain drops at or just above the soil surface is very important. A cover at or a bit above the ground can effectively protect the soil structure from raindrops and prevent erosion. E.g., a good cover of beans or other cover crops works. In an old field experiment in Africa using a 20-cm raised mosquito net was effective; it was used for studying the effect of cover alone, not as a practical method. In a natural forest, the soil surface will usually be covered well. However, raindrops join on leaves and drop with more acceleration and movement energy per square meter from tall crops or trees. It has been well-documented for decades but not well-known. Organic matter and dead plant parts on the surface (litter) help stabilize soil structure in aggregates so water can enter pores, help the soil stay in place, and absorb water. Deep roots and the pores they leave when rotten in uncompacted soil also help water enter quickly deeper into the ground. Roots near the surface can assist too by stabilizing soil structure (aggregates) and keeping pores open for water to enter. A cover of leaves, stones, or dead materials near the surface can protect the topsoil. Suitable contour belts or field boundaries across the slope can sometimes be enough. See the Figure 1 below. Figure 1. Principles for soil and water conservation (by Torsten Mandal) Figure 1. Without soil and water conservation (left) a cultivated or overgrazed hill can develop exposed rocks (grey), rill and gully erosion (yellow), poor vegetation growth (green), and polluted water (yellow-blue). The yellowish soil is low in organic matter. The conserved hill (right) has high vegetation cover with healthy colour (dark green), terraces and waterways with permanent crop cover, and clean, steady water flows (blue). The vegetation contributes to biodiversity and cloud formation in the landscape. By Torsten Mandal 2022. Roots and decaying organic materials also help maintain a good, stable soil structure by forming fungal hyphae (threats that are hard to see) and sticky liquids. Deep strong roots can also help keep soil layers together against slides. Sometimes roots (e.g., of some mat-forming grasses) can slow water flows. However, some roots have little or no effect because they extend below the topsoil. If the unprotected aggregated soil parts have been dispersed in water, it may be too late for roots to hold it back. Also, some bigger roots on the surface can lead water to form concentrated, faster, and more erosive flows in areas where the root can no longer hold back water. RUSLE-soil loss estimates. Soil erosion caused by water is often estimated today by the Revised Universal Soil Loss Equation (RUSLE). A yearly loss of more than 10 tons per hectare (1 kg/m2) is generally considered significant and unsustainable. RUSLE is a replacement for the similar “USLE” and, e.g., differs in the type of rain considered relevant, including protection from stones and sedimentation within fields. The use of locally relevant data is an important challenge for model uses. An example of the use from western Kenya was published in 2021, including an illustrated overview with experiences of conservation measures (Watene and co-workers, 2021). Soil conservation strategies are explained in more detail after this introduction. Fields are particularly eroded before plants cover them, so it is essential to have some kind of permanent structures against erosion – but plants can help form them. Structures for soil and water conservation can be fences, terraces, water harvesting, cut-off drains, and gully repair. These structures can stop or slow down wind or water flows and erosion, and they can be needed in some areas. Some water conservation structures also help collect water for use in pipes or buckets. Risks include water accumulating, breaking through, or passing around massive obstacles with increased speed and erosive force. These can cause more erosion, e.g., if structures are not well constructed, protected with long-lasting vegetation, and maintained. Also, the investment of work, land, money, and expertise can be considerable. Increased erosion may occur between or around poorly created structures if flow rates increase. Several solutions are explained in the detailed section. Combinations with other methods are also necessary, as well as local adaptation. Hoeing, digging, ploughing, harrowing, ridging, chiselling, and ripening are all tillage. Tillage can decrease or sometimes increase soil and water conservation. The Benefits of tillage for soil conservation can include: The Disadvantages include: Establishing plants that permanently or at least early in the growing season protect the soil is important for soil conservation, including water infiltration. It can help establish high populations, rows across the wind or slope direction, suitable ridging in these directions, species that can be established early or even in the preceding season, and species and conditions giving rapid early growth and cover near the ground. Cover crops can be used to improve and protect the soil, retain nutrients, add organic matter, etc. They may be selected so they die before establishing the main crop, undercut, and/or, e.g., seeded when weeding it. Stones on the surface also protect against erosion – but be an indicator of erosion. Stone lines across the slopes can help, too, if water flows are slowed rather than concentrated. Intercropping can increase the plant cover of the soil by the overlap between crops when they are on the same land or in lines beside each other. Intercropping often gives more effective land use because of differences in crop timing, height, roots, soil nutrient requirements, pests, diseases, etc. Agroforestry (trees on farms) can particularly help either A) as windbreaks or shelterbelts across the contour hedges across slope but too dense hedges stopping abruptly can cause increased wind speeds around, below or some distance behind them or B) as contour hedges with permanent cover at and near the soil surface while the tops can be kept with few leaves in the growing season of the crops. Trees without a cover on or near the soil may increase erosion because drops join on leaves and fall faster. Integrated watershed management approaches consider a river’s catchment area and landscapes with many uses, purposes, and interests. Steep slopes with shallow soils may, e.g., be best covered with trees or managed pasture. Downstream areas may pay for ecosystem services like soil and water conservation. Local people and organizations should be included in modern mapping and model planning. Improved low-input establishment methods of a plant can help fit soil conserving plants in between other plants and into short-term priorities and shortage of money, labour, land, and transport. They can promote fast germination and early growth, at least for tree legumes at challenging sites. Improved management can help get good cover near the ground. Mandal (2010) provides details and references. Water conservation within the fields (“în-situ” is part of all the points above, even if competition among plants also is important). Water conservation also includes: Baumhardt RL, and Blanco-Canqui H 2014 Soil: Conservation Practices. In: Neal Van Alfen, editor-in-chief. Encyclopedia of Agriculture and Food Systems 5, Elsevier, 153-165. Hudson W N 1987 Soil and water conservation in semi-arid areas. Silsoe Associates Ampthill, Bedford United Kingdom. Soil Resources, Management and Conservation Service. FAO Land and Water Development Division. Food and Agriculture Organization of the United Nations Rome, 1987 https://www.fao.org/3/t0321e/t0321e00.htm FAO, seen 2022, Revised Universal Soil Loss Equation. https://www.fao.org/land-water/land/land-governance/land-resources-planning-toolbox/category/details/en/c/1236444 Land and Water Division 2000 Manual on Integrated Soil Management and Conservation Practices. FAO land and water bulletin Series number: 1024-6703. 214 pp. ISBN: 9251044171 https://www.fao.org/publications/card/en/c/31f117c4-13e2-5631-bf16-ebaaa10b714f Luna et al. 2000. The role of olive trees in rainfall erosivity and runoff and sediment yield in the soil beneath. Hydrology and Earth Sciences 4, 141-153. https://hess.copernicus.org/articles/4/141/2000/hess-4-141-2000.pdf Muriuki JP, Macharia PN 2011 Green Water Credits Report K12: Inventory and Analysis of Existing Soil and Water Conservation Practices in Upper Tana, Kenya. https://www.isric.org/documents/document-type/green-water-credits-report-k12-inventory-and-analysis-existing-soil-and Open access. Mandal T. 2010. Low-cost soil and water conservation with many early benefits. Presentation Researchers’ Day: Climate Change Impact, Adaptation and Mitigation GEUS, Inst. of Geography, University of Copenhagen. 7 October 2010. Arranged by the Climate Change Task Force. https://www.yumpu.com/en/document/view/35209735/present-danish-water-forum Thomas DB et al. 1997. Soil and water conservation manual. Soil and Water Conservation Branch, Min. Agric. Livestock Dev. and Marketing, Nairobi Kenya. Watene G and others 2021 Water Erosion Risk Assessment in the Kenya Great Rift Valley Region Sustainability 2021, 13(2), 844; https://doi.org/10.3390/su13020844 Yoshinori et al. 2018 Factors influencing the erosivity indices of raindrops in Japanese cypress plantations. Catena 171, 54-61, December 2018, DOI：10.1016/j.catena.2018.06.030 http://www.ffpri.affrc.go.jp/ffpri/en/research/results/2018/20180910-06.html soil and water strategies soil conservation water conservation"
https://wikifarmer.com/how-important-are-the-micronutrients-for-plants/,10/19/2023 20:04,"Micronutrients: No problem, hidden hunger or visibly damaged on young plant parts and consumers? Micronutrients can vary in charge with oxidation level Availability and uptake depend on many factors Micronutrients can be difficult for plants to take up in special soil conditions or for some crops – and sometimes be taken up in large-toxic quantities. Deficiency symptoms occur in the young parts, fruits, seeds, or root nodules of nitrogen-fixing legumes. However, early detection can be hard, and deficiency of one nutrient can block plants from using another. See the Cover picture and Figures 1, and 2. The ions can be more or less oxidized, affecting availability and functions as enzymes, etc. The micronutrients are needed in very low concentrations in plants (part per million, ppm) in enzymes that promote processes (serving as catalysts). The opposite of oxidation is reduction (of electric charge). Several micronutrients can be important, but locally a few are essential for some combinations of soils and crops: Often Manganese (Mn, not Mg), Iron (Fe, Fe2+, Fe3+), Zinc (Zn, normally Zn2+), Copper (Cu, Cu+, Cu2+) or Boron (B). Fe and Zn deficiencies for people are common in at least low and medium-income countries (as well as, e.g., vitamin A, but vitamins are only micronutrients for people and animals). Within normal pH ranges, the availability of micronutrients all falls with increasing pH except for Molybdenum (Mo), which increases[1]. Mo occurs in soils as negatively charged Molybdate anions[2]. For Boron, high and low pH can be a problem. [3] Liming tropical soils above pH 5.5 is no longer recommended. At lower and more acidic pH, Aluminium (Al3+ is the toxic form) and Manganese (Mn) toxicity can often damage the root. Aeration (drainage) of the soil matters, too, because the micronutrients can be more or less oxidized and available. Excess of some can also be a problem in some situations. Crop micronutrient deficiencies are associated in complex ways with soil pH, form and type of organic matter, texture, and soil water as observed for major crops in Michigan, Indiana, and Ohio in the central USA[4].: The same source gives access to corresponding tables with e.g. adequate nutrient concentration in parts per million (ppm) with relevant sampling methods Severe symptoms can be observed (first) on young leaves. More specifically, in legumes, molybdenum deficiency damages nitrogen fixation, and contrary to other micronutrient deficiencies, it is most common in soils with low pH. Boron deficiency can, e.g., be one cause of poor seed formation on the tip of maize cobs. Direct testing for Molybdenum (Mo) is expensive, but narrow “whiptail-” or cup-shaped leaves of broccoli and cauliflower is an indication of deficiency as well seeds germination prematurely, e.g., at maize cobs. Other symptoms are caused by the need for Mo to fix or use nitrogen by bacteria and plants. Fertile organic matter can help with a steady supply of micronutrients, and only some mineral fertilizers contain some of the micronutrients, and they can cost more. Boron (B) deficiency is most common in soils low in organic matter and occurs in many parts of the world. However, organic soils (peats or mugs) are those most likely to be deficient in available Copper (Cu) if they are acidic, and else Manganese (Mn) and Zinc (Zn). While acidity makes micronutrients more available in soils (except for molybdenum), it also makes them more available to be leached out and deficient, e.g., in the humid tropics. Figure 1. Copper (Cu) deficiency in e.g. maize starts at the younger parts with yellowing and sometimes spiralling. Permission: Maize – Crop Scout Pocket Guide. African Plant Nutrition Institute, APNI.net. Micronutrients are relatively complex, and this article is only an introduction to which may be most relevant for a crop and combination. They are usually in the middle groups of the periodic table of elements, and their availability depends on how oxidized they are. While the first main group of elements simply and easily gives off one electron to become monovalent, positive cations (K+, and, e.g., Na+), the second group releases two (Ca+2, Mg2+). Instead, micronutrients are transition metals or non-metals that can vary in charge (oxidation levels), but Zinc is normally found as Zn+2. See relevant versions of periodic tables via reference[5]. Accordingly, flooding of wet rice (paddy) soil changes the availability of micronutrients: Flooding can increase the availability of iron (Fe) and manganese (Mn). However, at the same time, flooding reduces the availability of Zinc (Zn) and Copper (Cu). Field capacity corresponds to the soil about 70 cm higher than water-saturated soil, resulting in about as much water and air in the pores (ideal). Farmyard manure improves grain concentration of iron for any water condition. Mn concentration in grains was not controlled by soil Mn availability. Interaction among ions affects uptake (e.g., competition of ions with similar charge). Figure 2. Boron (B) deficiency in e.g. maize starting at the younger parts with twisting; yellow or white spots can occur plus lack of seed formation in the tip of cobs. Permission: Maize – Crop Scout Pocket Guide. African Plant Nutrition Institute, APNI.net. Soil nutrient availability can depend on pH, organic matter changes, fertilizers, microbiology, and, as mentioned, aeration (reduction-oxidation capacity = ‘redox potential’)[6]. Small organic acid molecules increase the availability of Cu by dissolving organic acids, but bigger, dark molecules like humic acid decrease it by binding Cu. Accordingly, deficiency can be found in acid-organic soils like peats, mugs, and black sands. Uptake capacity also depends on the plant’s excretions, root hair length, and root-associated fungi and bacteria – plus roots ’capacity as a sink removing dissolved nutrients so new dissolve and are taken up. These capacities vary both between and within species. Tolerance to other soil problems, like acidity, also helps effective root functions. Other elements may benefit some plants or other organisms but are rarely or never deficient in field-grown plants. These include Chlorine (Cl, needed by some palms and often in excess), Sodium (Na), Cobalt (Co), needed in minute amounts for nitrogen fixation, Iodine (I), and Nickel (Ni). Many other elements are found in plants (apparently) without any function for the plants, animals, and people eating them. Zinc deficiency is common for people in many types of countries, climates, and soil pH, particularly low and middle-income countries, incl. but not only DRC Congo, from India to Poland, Southeast Asia, Central America, etc. For free maps and details, see Wessel and Brown (2012), who found low food consumption – particularly of animal products- was an indicator, and 17% of the world’s population was at risk of Zn deficiency [7]. Fertilizer use can be a part of the problem (if it does not contain Zn) or of the solution it does (e.g., a small quantity of harmless ZnSO4). Likewise, improved crop types can harm (with less diverse food if few crop species still are improved) or help when selected for zinc uptake and availability (e.g., beans and rice). [1] (PDF) Soil pH Affects Nutrient Availability (researchgate.net) [2] Molybdenum – NSW | Fact Sheets | soilquality.org.au [3] Boron reactions in soils (borax.com) [4] Corn, Soybean, and Alfalfa Yield Responses to Micronutrient Fertilization in Ohio | Ohio line (osu.edu) [5] Oxidation states table of the elements (chemix-chemistry-software.com) [6] Masunaga T, Fong J D M (2018): Chapter 11 – Strategies for Increasing Micronutrient Availability in Soil for Plant Uptake, Editor(s): Hossain M A, Kamiya T, Burritt D J, Tran L-S P, Fujiwara T: Plant Micronutrient Use Efficiency, Academic Press, 195-208. https://doi.org/10.1016/B978-0-12-812104-7.00013-7. [7] Wessells KR, Brown KHE (2012): Estimating the global prevalence of zinc deficiency: results based on zinc availability in national food supplies and the prevalence of stunting. PLoS One. 2012;7(11):e50568. doi: 10.1371/journal.pone.0050568. Epub 2012 Nov 29. PMID: 23209782; PMCID: PMC3510072. Reetz H F (2016): Fertilizers and their Efficient Use. IFA, Paris, France, May 2016 Library (fertilizer.org)"
https://wikifarmer.com/sustainable-nutrient-management-introduction-to-concept-strategies-and-principles/,10/19/2023 20:04,"Sustainable Nutrient Management: Introduction to Concept, Strategies, and Principles Sustainable nutrient management: Essential for farmers, consumers, environment, and climate Is sustainable plant nutrient management (SPNM) the same as integrated nutrient management? Important strategies and terms for sustainable plant nutrient management include: This post is also available in: Français (French) Deutsch (German) 简体中文 (Chinese (Simplified)) Português (Portuguese (Brazil)) Wastage of nutrients (Nitrogen and Phosphorus) often damages the environment, has a high economic cost, and causes crop nutrition problems, often damaging crops (yields, quality, and resilience). Lower yields mean more land is needed for cultivation to cover the increased product demand and less space for nature, pastures, forestry, and people. Food wastage, and nutrient loss in livestock production, may reduce for some and increase for others, but the world population and its buying power are still increasing. Both commercial and traditional nutrient management methods can either cause high emissions of greenhouse gases or add value to renewable energy, trees, and other plants, capturing more carbon (and sometimes Nitrogen) and storing it or replacing fossil fuels. Up-to-date knowledge is essential – but conflicting, oversimplified views are widespread and divisive. The sustainability of plant nutrient management and related terms are much debated, and many feel satisfied with oversimplified common assumptions, views, and myths. The sustainable (plant) nutrient management term will here be used as a broad goal and topic, and no general assumptions of whether commercial, “chemical” fertilizers should be included (as expected in integrated plant nutrient management) or not (as in organic farming). Access to cost-effective fertilizer and nutrient-rich organic manures is a big challenge in some places. Better insight is needed at all levels. Sustainable nutrient management is also a priority in regenerative agriculture or farming and in agroecology, which also covers other aspects and are terms defined in many ways. Practically relevant principles will be in focus in this set of articles on SNM, including advice on getting more data and local observations. The articles can also help as an introduction, reminder, or update to learning more, and more learning will be needed. Soil fertility was also focused on Wikifarmer Library articles on soil and water conservation by Mandal (2022). Nutrient uptake and their effective use are also crucial for the nutrition of plants, humans, and livestock. Figure 2. Harvest and erosion can remove many nutrients and recycling all harvested can be hard. Red or sandy soils often contain few reserves to deplete and long fallow periods are rarely possible today. Figure 3. Liebig’s law of the limiting plant growth factor shows the deficient (minimum) factor(s) need to be addressed first. Credit: Yara Fertilizer Industry Handbook (2022). Related strategies exist. Agroecology and other overlapping concepts are also important and discussed in another overview article by Mandal (2023) at Wikifarmer Library on plant nutrition. Central for agroecology are efficiency and resilience via recycling, synergy and diversity (e.g., using agroforestry, crop rotation and intercropping) combined with socioeconomic factors to support small-scale farmers and traditional food supplies. In short, sustainable nutrient management requires efficient use of nutrients based on applying what is available, needed, and can be taken up by the plants and minimizing losses. Depending on the situation, this may be done with or without using the so-called “chemical” fertilizers, but the combination of many soil fertility methods should be considered. Some nutrient levels may have to increase, and others may decrease for some time. Organic matter, pH, salts, soil biology, and conservation should also be managed sustainably. Various strategies and principles exist to help succeed in these goals. FAO (2018): The 10 Elements of Agroecology. 10 elements | Agroecology Knowledge Hub | Food and Agriculture Organization of the United Nations (fao.org) Fertilizer Industry Handbook 2022 (yara.com) See also references in the detailed articles on soil fertility here at Wikifarmer Library"
https://wikifarmer.com/sustainable-plant-nutrient-management-spnm-an-overview/,10/19/2023 20:04,"Torsten Mandal Agronomist specialised in international sustainable agroforestry, land and soil management What is SPNM, and why is it important? Nutrient conservation and cycling Fertilizers: Problems, solutions, and misunderstandings regarding sustainability Microorganisms and nitrogen fixation are essential for plant nutrition – but sometimes they need help: Specific nutrients Understanding Sustainable Plant Nutrient Management is important for many reasons. Too little knowledge about the use of plant nutrients contributes to significant problems with nutrition, food security, pollution, climate change, biodiversity loss, the need for farmland, and the economics of farmers and society. Sustainable nutrient management means durable solutions to these challenges fitted to local needs in time, without assuming how it should be done in each case (e.g., if water-soluble,” chemical” fertilizers should be used or not). Essential principles are to understand what is needed and when, to make it available to plants in a combination of cost-effective and safe ways, and to conserve and recycle nutrients well. The debate and often conflicting, oversimplified views on sustainable nutrient management are summarized in more detail in the introduction. In contrast, this article summarizes key facts about nutrient conservation, recycling, fertilizer, microorganisms, and nutrient element groups. It is essential to conserve the relatively nutrient-rich topsoil against loss of nutrients to water and air. Likewise, recycling is challenging but important for nutrients lost, eaten, grazed, or sold. The efforts may be fitted well into other practices and purposes like soil and water conservation, carbon capture, building soil organic matter and biological activity, energy saving, and perhaps weed and pest management. Nutrient conservation includes conserving topsoil and reducing losses – particularly of nitrogen forms like the water-soluble gas ammonia (NH3), to air. Loses can also be from leaching (washing down), e.g., Nitrate (NO3–). Split application and catch crops can help improve the ability of plants to absorb nutrients. Nutrients can also be lost to or recycled from livestock, burning, or in farmers/urban toilets, and export. Phosphate can be lost from biologically available forms for a season or more by fixation to clay minerals. Nutrient cycling. Recycling from grazed flood plains has been standard, as well as human waste and ashes. Sometimes, such recycling can be re-established in safe ways. Access to, Nitrogen (N)-rich material, for example, increases challenges with recycling nutrient-poor materials that can increase N-uptake from the soil by microorganisms using its carbon (C). Organic fertilizers and manures typically contain microorganisms and remains of organisms. These include some readily water-soluble, mineralized forms (e.g., ammonium, ammonia, and soluble phosphates) also found in commercial fertilizers. Water-soluble micronutrient minerals may require dispensation from organic farming rules. Some biomass ashes and minerals releasing nutrients slowly (slow release), like rock phosphate, can also be permitted in certified organic farming and sometimes help. Composting mixed types of organic materials can increase nutrient concentrations by removing C, as CO2, with access to oxygen (O2, aerobically) or methane (CH4) anaerobically). It is essential to use organic manures when available, but the quality and amounts vary from excess to shortage. If enough amounts of good quality organic manure are available and used, it can supply the soil (and plants) with all nutrient elements. At the same time, it improves soil’s biological and physical properties, reduces acidity problems when aerated, and is used safely. However, organic manures may introduce new weed and pest species if not heated enough by the composting process. The nutrients may need to be released in better time (synchronized) well with crop demand, and knowledge is needed to estimate how much commercial fertilizer it replaces. Nitrogen (N) – rich materials can be needed in addition to some plant residues (like straw) before mixing them into N-deficient soil. This is because such residues are very high in carbon – compared to nitrogen which also is needed by bacteria. Therefore, extra N is needed to avoid bacteria depleting N from N-poor soil to balance their high-carbon diet. Carbon concentration can also be reduced by composting. Respiration and release of the greenhouse gas CO2 into the air can also help high-carbon compost materials to reach a stable carbon-to-nitrogen ratio of 30:1 C: N or lower. The C:N ratio in manure should be lower to release N. E.g., it is not a problem on most Danish farms but in small, depleted farms mainly having maize stalks in Zimbabwe (pers. comm. Dr N E Nielsen and Dr Ken Giller respectively). Likewise, a too-high concentration of protein-binding tannins can be a problem e.g. for tree leaves. Soil fertility stimulants are usually products claimed to improve soils or plant nutrition in ways other than fertilizers. Many products are sold or oversold as organic or biological soil improvers. Some of these products are needed and suitable. They may e.g. be used well to introduce nitrogen-fixing bacteria for legumes with specific bacteria-needs like e.g. most soybean types have. That can be a problem when grown at new sites. Sometimes, bacteria products (inoculants) are needed, but they may not be marketed locally or suited to local soils. Other soil fertility stimulant products can effectively reduce Nitrogen loss as the strong greenhouse gas N2O from poorly aerated sites in soil high in N (denitrification inhibitors). Some products may help much in laboratories with sterilized soils, but they may make little or no difference in outdoor soils with diverse plants, root pieces and a range of microorganisms. Some products make no sense at all, but they are promoted as e.g. organic and/or nano “super boosters”. Regulations in the EU and the USA are only starting and only in the EU, are defined as plant nutrition products (but other than fertilizers). Diverse systems can help use nutrients of partly different types, depths, and times and contribute to beneficial microbial activities, soil- and water conservation, building soil organic matter, and recycling crop residues. These include growing different crops together (intercropping) with limited overlap (relay cropping) or growing trees with seasonal crops or pastures (agroforestry and tree-pasture systems called silvo-pastoral). Cover crops can fit in on the soil surface, and as catch crops take up remaining Nitrate, so it is not washed out (leached). However, even if they differ and can benefit each other, plants also compete for nutrients, water, and light. A summary of some key points: 1. Maintaining good crop growth and yield is often difficult without commercial fertilizers. Organic manure, biological nitrogen fixation (by species like beans), and soil- and water conservation are all important but not always enough to ensure high yields, good nutrient uptake, and product sale (e.g., from degraded or naturally infertile land). Access to organic manures or fodder from outside is small, and time and land areas are limited. Some farmers may build up soil nutrient levels with fertilizers before learning and gradually transitioning to productive, organic farming. Other farmers may not need, want, or be able to buy fertilizer when starting to cultivate a crop. However, later, when they have more knowledge., capacity, and better access to suitable fertilizer and a reliable market, or if soils become depleted, they may change strategy and incorporate fertilization for some or all fields. Fake or diluted agrochemicals, fertilizers, or “wonder crop boosters” are still often sold in some regions. 2. Fertilizers can cause many problems – but solutions exist. Using fertilizer (as well as organic matter) can cause many problems for the soil, the plants, the environment, and in some cases, nutritional and crop quality if fertilizer is used without proper knowledge, care and regulations. However, such problems can be limited or avoided via education and by choosing the suitable types, doses, placements, timing, etc. For example, ammonium (NH4+) and urea-N fertilizers can acidify soils if not combined with lime or nitrate (NO3–) fertilizer. Not all fertilizer production requires much energy, and the production of nitrogen fertilizer with renewable energy is starting again by some companies. Needed fertilizer can increase CO2 capture by plants and even for legumes saving energy needed for fixing Nitrogen from the air if that is an advantage. Fertilizer is sometimes a competing method for other soil fertility methods or is oversold as the only method. However, it can also add value to other soil-conserving and improving methods (synergy or positive interaction). 3. Fertilizers can give more space for nature but pollute it. Fertilizer use can reduce the need for land for farming but also pollute the environment directly or via more livestock fodder, emission, dung, and urine. 4. Fertilizers require energy to be produced and transported, but they can promote carbon capture by plants if used well. Cargo ships use little energy compared to speeding ferry boats. 5. Phosphate is a limited resource, but most other raw materials for fertilizer are available nutrients available for many hundreds or thousands of years if traded internationally. 6. Fertilizers can reduce or increase the risk of crop failures, economic loss, or poor-quality products. It depends on knowledge and several other factors. Soil and plant nutrient analysis can be relevant for farmers with or without fertilizer use. Particularly for fertilizer, farmers can select those nutrients which tests indicate are available at too low levels for adequate growth of various crops. Other methods can also be used to respond to particular deficiencies. Microorganisms can only solve some plant nutrition problems. However, they can help with recycling and dissolving nutrients, extending the roots, and making Nitrogen from air useful, as summarized below: Microbial and other amendments (supplements) can sometimes help. For example, for some new types of legumes (relatives of beans) with specific needs for nitrogen-fixing rhizobia bacteria. Also, microbe addition can help when using sterilized growth media, mined soils, or when transplanting plants without soil and few or no roots. Appropriate types of microbial inoculants may be hard to find and buy when needed (or transferring manure with them may make the real benefit). Recycling organic residues is also important, but they are bulky if they help in a field where tons of them may already be present. Small packages of “wonder stimulants” may be useless in a field if only organic matter is recycled. Fake marketing and products to farmers are common in developing countries, and the EU and USA are now first regulating “bio-stimulants,” and only the EU defines them as products for plant nutrition. Most nutrients can be found in almost anything organic, but some may be in forms or amounts not helping plants at all or at least cost-effectively – particularly if it is spread all over fields or crops. Mycorrhizal fungi act as important symbiotic (mutually beneficial) extensions of plant roots, but for most crops and herbs, shared types of endo-mycorrhizae (also found inside roots) can be found in soils with root residues. Direct-seeded plants can be colonized as they grow. Local transfer from the field to the field of microorganisms is possible. They are essential to uptake poorly mobile Phosphorus (P) and Copper (Cu). Some are trees with pods and flowers like those of beans (e.g., Gliricidia and Robina) or are hairy (incl. Acacia, Mimosa, Calliandra, and Leucaena). Alnus and Casuarina trees can fix N-nitrogen jointly (symbiotically) with special bacteria looking hairy like a fungus, Frankia (actinomycetes), and so can cyanobacteria (still often called “blue-green algae”), which are living in the water. Nitrogen fixation requires the availability of resources like water and phosphate. Some plant species will, at some sites, require symbiotic microorganisms to be introduced (inoculated) at new sites. Other challenges are the germination of wild legumes, multiplying enough and fitting them into other land uses, and the demand for nutrients. Standard and innovative solutions are suggested. Free-living soil bacteria can fix a small amount of Nitrogen (for example, 5-20 kg per hectare). See more in my article on Nitrogen. Articles on specific nutrients will not be covered in this summary except when relevant as examples for important principles. The nutrients differ much, and specific knowledge cannot simply be replaced with general assumptions, beliefs, and ideologies. Under Nitrogen, some challenges and recent solutions for legumes are included. Ratios between nutrients matter, and some compete while others improve uptake of each other. E.g., a too-high ratio of Nitrogen (N) to Phosphorus (P) or N to Potassium (K) delays flowering (reproductive growth). It can also increase attacks by pests like aphids and diseases as protein content increases and structures weaken. Figure 1. Healthy plant, and deficient in Nitrogen (-N), Phosphorus (-P, lower leaves small and dark in other cases purple), and Potassium (-K, see scorched edges). Macronutrients (N, P, K), Magnesium and Molybdenum deficiency first affect the older leaves. Permission: Yara Fertilizer Industry Handbook 2022. See Figure 1 for typical nutrient deficiency symptoms of the macronutrients N, P and K. Plants can mobilize the nutrients needed from old to new leaves, buds, fruits, and shoots. These are macro (=primary) nutrients (N, P, and K) and one of the secondary nutrients – Magnesium (Mg). Their deficiency symptoms start at the lower leaves. Such symptoms starting on the younger leaves indicate micronutrient deficiency (except for Molybdenum) or starting deficiency of the secondary nutrients Calcium (Ca) or Sulphur (S). Micronutrients get less available when soils get less alkaline and more alkaline – again, except for Molybdenum- but can also have been washed out from old acid or sandy soils, bound to large organic molecules by the oxygen level in the soil. P-deficiency sometimes causes purple parts of lower leaves, but in this case, they are small and dark green. More can be found via the reference list and the articles by Mandal (2023) at WikiFarmer Library on specific nutrients and observations of needs. However, guidelines for treating nutrient deficiencies can differ from case to case. Furthermore, recognizing the specific nutrient deficiency might be challenging due to other stress factors (like abiotic stresses, drought, or pests and diseases infections) masking the typical symptoms expected to be observed. Finally, the symptoms differ a bit in very young or old leaves. References and suggested reading: FAO 2018: 10 elements | Agroecology Knowledge Hub | Food and Agriculture Organization of the United Nations (fao.org) BigPictureAgriculture (2015): Plant Nutrient Deficiency Leaf Illustrations and Charts Reference Guide. https://bigpictureagriculture.blogspot.com/2015/12/plant-nutrient-deficiency-leaf.html Diagnosis of Plant Nutritional Disorders — Department of Plant Science (psu.edu). Penn State College of Agricultural Science, seen 2023 The Pennsylvania State University Mucheru-Muna M, Mugende D, Pypers P, Mugwe J, Kung’u J, Vanlauwe B, Merckx R. (2014): Enhancing maize productivity and profitability using organic inputs and mineral fertilizer in central Kenya small-holder farms. Experimental Agriculture, 50(2), 250-269. doi:10.1017/S0014479713000525 Mudombi-Rusinamhodzi G and Rusinamhodzi L (2022): Food sovereignty in sub-Saharan Africa: Reality, relevance, and practicality. Front. Agron. 4:957011. doi: 10.3389/fagro.2022.957011. Reetz, HF (2016): Fertilizers and their Efficient Use. Publisher: IFA, Paris, 2016 Library (fertilizer.org) See also detailed plant nutrition (or soil conservation) articles by Mandal (2023) here at Wikifarmer Library Mineral fertilizers (including ash) and sustainability Nitrogen (N): Essential for plant growth and yield but can have high costs to farmers, the environment, and health SPNM"
https://wikifarmer.com/guidelines-for-safe-and-effective-use-of-chemicals-in-agriculture-for-crop-protection/,10/19/2023 20:04,"Basic Principles for Effective Chemical Applications Precaution measures and Safety tips for agrochemicals When to apply the pesticides Storing – Disposal of pesticides and other agrochemicals About Fair Planet With the wisdom of Fair Planet – The guidelines presented below are shared by the Fair Planet team with the farmers How to use agrochemicals safely for you and the environment Crop protection is still highly dependent on the application of agrochemicals like pesticides, either as a unique pest control measure or as part of an integrated management program. Pesticides are agrochemicals used for controlling unwanted crop pests and diseases. Based on data published by FAO, the total pesticide use in agriculture was around 4.2 million tonnes (Mt) of active ingredients (in 2019), with an average pesticide application of 2.7 kg per hectare of cultivated land. The map below shows the pesticide use per cropland area. The extensive use of such products, in combination with their (relevant) toxicity, can put the users, the crop itself, and the environment at risk. As a result, it is vital to follow some safety tips while handling pesticides. Each chemical has a different MoA that attacks different processes of the pest/disease. See the link with info on the MoA of various active ingredients: https://irac-online.org/mode-of-action. Consult with an expert to identify the most effective MoA for a specific pest. It is very important to rotate between various chemicals with different MoA. When using chemicals with the same MoA for treating the same pest, there is a high risk of pest resistance development. Doing it will make it harder or even impossible to control the pest in the future. Keep in mind that there are usually numerous commercial products with the same MoA or the same active ingredient. Therefore, make sure to rotate with products (e.g., pesticides) with different MoA. Always check the label or ask your local agronomist or extension expert. Chemicals used in plant protection (pesticides, fungicides, herbicides, etc.) may have a contact action or systemic action. To control the crop “enemy,” it is important to know if the product you are using has a systemic action or not and how long it remains active. It is essential to purchase only locally registered pesticides and fungicides from licensed pesticide dealers. Make sure that the specific product is suitable to be used for the pest and the crop of interest. Always check the expiration day of the product. It is preferred not to store large quantities of agrochemicals. Make sure that all parts of the plant are covered with the spray, including the lower parts and the top of the plant. Always read the “chemical’s Label” and avoid using a specific chemical more times than the maximum indicated in it (usually no more than 3-4 times). Over-use of the same active ingredient or same MoA might cause the pest/disease to develop resistance to the chemical. Except for the effectiveness in protecting the crop, a farmer should take all necessary measures to protect himself/herself, the community and the environment when handling agrochemicals like pesticides, fungicides and herbicides. All necessary precautions must be observed according to the label of the chemical and the following instructions: Check the toxicity level of the product mentioned on the product label. There are 4 levels of toxicity, indicated with 4 warning statements: The level of toxicity defines the level of protective measures that need to be taken. In any case, we suggest that all farmers should follow the safety measure presented below: To find more detailed information, you can contact the author and Fair Planet. Fair Planet is a non-profit development organization that works with smallholder farmers in Africa to free them from the cycle of extreme poverty and food insecurity. Aligned with the UN’s 2030 Sustainable Development Goals, our innovative, proven operational model has been designed to scale outreach and maximize impact, leading to sustainable economic growth, climate-change resilience, and greater regional food independence. Our vision is a world where all farmers have equal opportunities to achieve sustainable economic growth and prosperous lives for their families. Our mission is to improve the capacity of smallholder farmers in developing countries to transform subsistence agriculture into a profitable source of income through access to high-quality seeds and technological solutions supported by agricultural knowledge and skills. agrochemicals safe use of chemicals"
https://wikifarmer.com/what-is-organic-farming-organic-farming-definition-and-examples/,10/19/2023 20:04,"Summary of Organic Farming Organic Farming Definition How can a farm be certified as Organic? Principles of Organic Farming Examples of Organic Farming practices: The general philosophy of organic farming Understanding and Preventing Contamination Fertilizers in Organic farming Crop protection and Weed Control in Organic Farming – Organic Pests and Diseases Management Organic Livestock Farming Organic Beekeeping Conclusion: To be or not to be (Organic)? This post is also available in: Español (Spanish) Français (French) Deutsch (German) Nederlands (Dutch) हिन्दी (Hindi) العربية (Arabic) Türkçe (Turkish) 简体中文 (Chinese (Simplified)) Русский (Russian) Italiano (Italian) Ελληνικά (Greek) Português (Portuguese (Brazil)) 한국어 (Korean) polski (Polish) In a few words, organic farming involves growing techniques and methods that seek to protect the environment, humans, and animals, through sustainable agriculture. Producers of organic farming are not allowed to use anything but biological substances for both fertilization and crop protection. As fertilization methods, they mainly use manure, compost, or special organic synthetic fertilizers. As crop protection measures, they mostly use traps and natural predators. This farming method requires a lot of effort and has significantly lower yields than conventional farming. However, the organic producer can market the products at higher prices than the conventional ones. According to THE EUROPEAN PARLIAMENT regulation of Brussels, 27 April 2018, Organic farming is an overall system of farm management and food production that combines best environmental and climate action practices, a high level of biodiversity, the preservation of natural resources, the application of high animal welfare standards and high production standards in line with the demand of a growing number of consumers for products produced using natural substances and processes. Farmers in organic farming, try to limit all the inputs and use environmentally friendly techniques in their everyday routine. For example, when it comes to soil management, organic farmers rely mainly on crop rotation to minimize soil nutrient deficiencies. They mostly use organic manure in quantities specified by the law, and nitrogen-binding bacteria, as nitrogen boosters. As far as weed management is concerned, they prefer mulching, hand weeding, and tillage. In many cases, they remove weeds using special equipment, designed especially for organic farming. Organic farmers try to minimize as much as possible the use of synthetic chemicals. Thus, for crop protection, they mainly prefer to take measures, such as traps and natural enemies (predators) for their crop’s pests. Organic farming in each country is specifically described and defined by law, and any commercial use of the term ‘Organic’ is subject to government control. There are specific actions each prospective organic farmer should follow (and avoid) in order to be certified as an organic farmer. Even a slight deviation from the law can result in the termination of organic status. If you are interested in engaging in organic farming, you can apply to a certification body in your area. In case you meet the standards, after a certain period (for example 3-4 years if you grow trees), you will be approved by the authorities. Those who do follow the rules, then market their products as “Certified Organic” and can display the official organic seal on their packaging, something that generally results in higher prices. According to the IFOAM (International Federation of Organic Agriculture Movements), the Principles of Organic Farming are described below: The general objectives of organic farming are: The exact rules and legislation for the production techniques and control measures for organic products depend on national and Community law and may differ from country to country. However, some basic practices and methods of Organic Farming are listed below: As a general philosophy, the potential organic farmer needs to fully understand the concept of a closed natural ecosystem (with minimum inputs and outputs) and try to use first all the healthy ingredients that already exist in the ecosystem. By this, we mean that the organic farm is treated as a separate ecosystem where there are very few inputs and outputs, and most elements are recycled within this farm, ensuring sustainability. For example, let’s assume that we manage an organic olive tree orchard. After pruning, rather than removing cut branches or burning them (as is usually the case in conventional farming), organic farmers crush them with special machinery, decimate the branches of the tree and deposit the sawdust on the soil. This has beneficial effects, as it has been calculated that for every 1000 kg of olive wood (with 50% moisture) incorporated into the soil, 4 kg of nitrogen, 0.5 kg of phosphorus, 4 kg of potassium, 5 kg of calcium and 1 kg of magnesium are added to it (Amirante. Et al., 2002). This reduces the need for additional chemical fertilizers, the majority of which is not allowed in organic farming. In this way, we have the least possible inputs and outputs and promote the recycling of the elements within the olive orchard. There are, of course, cases in which tree branches must be removed immediately from an organic orchard, for example when a tree tissue suffers from a pest or a disease. Some practices applied to the surrounding fields may cause contamination of our organic farm. For example, the organic farm can be polluted if our neighbor is a conventional farmer and applies some spraying pesticides during a windy day. However, contamination does not occur only from pesticides. Even during pruning or harvesting, there is an increased risk of contaminating the soil or a water source by simply using a machine (e.g. a machine oil leak). Farmers should carefully consider the risks that can cause contamination of an organic farm and take the proper measures. In order to avoid the risks of pesticide contamination from a neighboring farm, farmers may, for example, consider using natural hedge plants. Planting such type of plants gives the farmer the opportunity to create a protected area and reduce the risks of pesticide contamination through the wind. Furthermore, a farmer could divert run-off water. This method will reduce the risks of pesticide contamination through run-off water. GMOs are also a contaminating factor when it comes to organic farming. It is very important to examine the crop history of the fields that are intended for organic farming. Prospective fields for organic farming should have crop history free from GMOs. Farmers may also consider using untreated seeds. Moreover, seeds should be bought from a trader who is not involved in GM production. Finally, all cultivation and harvesting tools, as well as all the transport and storage facilities that are used in organic farming shall not be used by conventional farmers, οtherwise we increase the risk of contamination. However, these are just some common practices that should not be followed without making your own research. You may seek advice from your local authority and your certification partner. The majority of the chemical fertilizers (for example, mineral nitrogen fertilizers) are not allowed in organic farming. The only fertilizers allowed are those that have been approved for use in organic farming. Proper soil fertility, however, is vital for plant growth. Mostly nitrogen, but also phosphorus and potassium are essential elements during the vegetative growth stages of the plant. Since conventional fertilizers are not allowed, some of the best organic fertilizers are: Green Manure Green manure production begins with the sowing of an annual or perennial plant (alfalfa, vetch) in the field. This method improves soil fertility and soil structure. It increases water absorption and soil moisture. This method is also applied as a weed control method. Nitrogen-fixing plants, such as alfalfa, creeping clover, broad beans, lupine, pea, chickpea, etc. are used extensively for that reason. Cereals, such as oats and barley are also used. These plants (especially legumes) absorb significant amounts of nutrients. Incorporated into the soil, nutrients will be released into the soil and made available for succeeding crops.) If the producer decides to use this technique, it is necessary to use propagating material (seeds) that does not belong to the category of Genetically Modified Organisms. Composting is a natural process in which specific groups of microorganisms, such as bacteria, convert organic substances into humus. After the processing is finished, compost is produced. Compost consists of a mixture of organic matter, nutrients, and trace elements. It is a way of natural fertilization with excellent soil-enhancing properties. However, you should consult your local licensed agronomist before applying compost. Manure Another way of organic fertilization is to use manure. Animal manure from organic farms is commonly used. The manure should be well rotted and can be applied around the plants. However, you should consult your local licensed agronomist before applying manure. Other farmers cover the soil surface with dead plant material in order to improve soil fertility and control weeds. This method is known as mulching. Hydroponic production is not normally permitted. Hydroponics is the method according to which producers do not use soil in order to grow their plants. Instead, they use an inert medium enriched with nutrient solutions, where they place their plants’ roots. According to the authorities of most countries, organic crops shall be grown in living soil. However, United States authorities have recently allowed some hydroponic farms to label their products as organic. In organic farming, the majority of chemical pesticides, fungicides, herbicides, etc. are not allowed, unless they have been authorized for use in organic farming. Ecological approaches may prevent pest and disease outbreaks. The prevention of any damage caused by pests, diseases or weeds is primarily based on Moreover, farmers can choose sowing times that prevent pest outbreaks and improve soil health. Disease-free seeds and planting materials are also necessary. Generally, organic farmers are recommended to choose local seeds or species, which perform well in local conditions. Organic livestock farming aims at having well-being animals and establishing environmentally friendly production methods. All these result in the production of high-quality products, and at the same time, livestock farmers meet animal welfare standards. Involvement in organic livestock farming means strictly obeying some specific rules. These rules protect animals’ dignity, well being and nutritional needs, while they also ensure public trust. In order to meet all these demands, organic livestock should be born and raised in organic farms and eat organic feed. This means that all the ingredients included in the feed should be organic. Moreover, many organic livestock farmers cultivate forage crops on their own in order to make sure that the feeds are organic. Farmers should select healthy breeds based on their ability to adapt to local conditions. Thus in many cases, they only choose native species. It is very important to maintain excellent animal welfare strongly. Thus, the staff must have all the necessary basic knowledge and skills in animal health and safety. In most cases, no animal should be kept inside cages or boxes. Animals should be able to walk outside the stable and have access to pasture. Poultry shall have access to an open-air area for a great proportion of their life (ask your local authority and your certification body). In organic farming, some animals shall live in communities, as they do in nature. Restraint or isolation is not allowed unless this is dictated for their own protection. Even then, however, isolation should occur only for a limited period of time. Substances such as hormones, growth factors, and synthetic amino acids are mostly not allowed in organic livestock farming. For example, as we know in conventional farming, producers may use hormone assisted treatments for optimum reproduction rate. This is something that a farmer cannot do in organic farming unless the use of such substances is part of the veterinary treatment on an individual animal. In such a case, the animal shall be kept isolated in large enough spaces provided with straw or appropriate bedding. You may ask your local authorities or your local certification body for more information. Organic beekeeping may be more difficult than organic livestock farming. This is due to the fact that we cannot totally control flying creatures like bees, and thus we cannot prevent them from collecting nectar from conventional farms. However, there are some things a beekeeper should do in order to decrease such a probability. First of all, organic beekeepers should consider locating the apiaries in areas providing nectar and pollen sources mainly of organic crops. This way, we minimize the risk of contamination. In case there is a need for additional feeding (only if the survival of the colony is endangered due to lack of natural resources), bee colonies shall be fed with organic feed (organic honey, or sugar). At the end of the season, beehives shall still have sufficient honey and pollen amounts so as to enable the bees to survive during winter. Producers can not use synthetic chemical repellents during honey extraction operations. As for the bees diseases treatment, the majority of chemical treatments are forbidden. There is an exception, where some substances (always organic certified) may be allowed in cases of infestation with Varroa destructor. You may ask your local authorities or your local certification body for more information. The decision on choosing organic versus conventional farming is not easy, either from an environmental or a financial perspective. Some farmers choose organic farming because it fits well with their philosophy of producing natural products. However, a great proportion of organic farmers have made their choice after calculating prices, revenues, and expenses. It is for sure that some farmers cannot compete in cost. Their acreage may be small enough or they may not have the experience to control all the costs and produce an average product at an attractive price. Thus, many farmers choose organic farming, as they bet on quality. They plan to produce a small quantity of a high-quality product that can be sold at very high prices. Some of them are successful in this, while others are not. In any case, organic farming requires extensive research, special handling, training, guidance, and some level of experience in order to be successful. Check out Prices and Suppliers of Organic Agricultural Products Organic Fruits Wholesale Organic Vegetables Near me THE EUROPEAN PARLIAMENT According to the IFOAM ( International Federation of Organic Agriculture Movements ), the Principles of Organic Farming are described below: Organic farming shall sustain and enhance the health of the soil, plants, animals, and humans as one and indivisible. Organic farming should be based on the living ecological systems and cycles, work with them, emulate them and help sustain them. Organic agriculture should build on relationships that ensure fairness with regard to the environment and life processes. Organic farming should be managed in a precautionary and responsible manner to protect the health and well being of current and future generations and the environment. The production of safe and healthy food, free from agrochemical residues The overall protection of the environment through sustainable management (protection of soil and aquifers, biodiversity assurance) The sustainable use of energy and natural resources (such as water, soil, organic matter) The maintenance and the increase of fertility and soil biological activity Protecting farmers’ health from exposure to harmful chemicals. To ensure the welfare and well-being of the animals. However, The use of natural enemies (for example ladybugs) The selection of resistant species and varieties Crop rotation Proper cultivation techniques, such as proper pruning when it comes to tree cultivation. Sowing of certain plants (for example vetch) between our main crop. Some plants (like vetch and some Trifolium species) are famous for naturally suppressing weed growth. organic farming organic farming benefits organic farming examples"
https://wikifarmer.com/category/agricultural-principles/agricultural-insurance-and-risk-managment/,10/19/2023 20:04,"Agricultural Insurance and Risk Management Agricultural Insurance – A Financial Tool for Farmers to Offset and Manage Risk Insurance – A Financial Tool to Offset and Manage Risk Risk Management Approaches in Agriculture Agriculture and Risk Agricultural insurance focuses mainly on 4 key lines of agricultural production: crops, forestry, livestock/bloodstock (high value animals such as thoroughbreds), and aquaculture (also known as fish farming). It can also […] Insurance is a financial risk transfer mechanism based on the principle of an Insurer (or risk carrier, to whom the Insured transfers part or the totality of a risk – […] Farmers may reduce the impact of a hypothetical future sudden, accidental, and unforeseen shock by systematically identifying, analyzing, and controlling production, operational, market/price, financial, technology, regulatory, infrastructure, and human or […] Introduction Around 10.000 years ago man started progressively transitioning from widespread hunter-gathering nomadism to fixed settlements in many regions of the world1. Controlling where, how, and when to secure regular […]"
https://wikifarmer.com/good-agricultural-practices-summary/,10/19/2023 20:04,"Good Agricultural Practices – Summary Good Agricultural Practices (also known as GAP) are a series of methods that farmers have to apply in order to protect Standards may differ from one country to another due to different regulatory and legal frameworks, but the philosophy remains the same. The rules and principles of Good Agricultural Practices altogether create a mindset of prevention, rather than troubleshooting. Implementation of GAP begins early in the field (crop and field selection), continues to production and handling, and ends with the landing of products to the consumer’s plate. For further explanation and detailed local specifications of GAP, please consult your Local Authority (for instance Ministry of Agriculture) Understanding the risks of contamination Crop and Field Selection, Soil Preparation From Seeding to Harvesting Livestock and GAP Personal Hygiene and Gap Food Supply Chain (Proper Storing and Transportation) GAP Good Agricultural Practice"
https://wikifarmer.com/what-is-asexual-or-vegetative-plant-propagation/,10/19/2023 20:04,"Advantages and Disadvantages of vegetative plant propagation Different types-techniques of vegetative plant propagation Plant Propagation by Cuttings Plant Propagation by Grafting and Budding Propagating Plants by Division Plant Propagation with Layering Stem Cutting Depending on the plant species and the goal of the farmer or the scientist, plants can be propagated sexually (forming viable seeds) or asexually-vegetatively. Asexual or vegetative propagation is the process of multiplying a plant by using a vegetative part and producing a clone that is 100% genetically identical to the parent plant. Vegetative propagation is essential for maintaining some plant species and protecting their genetic composition. This is especially important for crop production for almost all tree species, from apples to bananas, but also for other major crops such as potatoes. Nowadays, there are plenty of examples of crop varieties that have been used for more than a century, like Red Delicious (apples) or Bintje (potatoes). Vegetative propagation is preferred in polyploids (in plant species with more than 2 copies per chromosome, e.g., triploids, tetraploids, hexaploids, etc.). While many of these species may maintain a level of self-compatibility for sexual reproduction, most have a lower capability to produce viable seeds. With vegetative propagation, the grower also has the advantage of producing larger, more vigorous transplants that can be planted in the field and grow (and thus yield) faster. However, despite the many advantages of vegetative propagation, there are some critical drawbacks. The most important is the transmission of a disease from the parent plant to the clone plant. Moreover, due to the difficulty of breeding new varieties, growers are cultivating very few varieties of each specific species, leading to large areas of monoculture for decades. These vast areas of monoculture with genetically identical plants make the plantations less resilient and highly susceptible to certain diseases. Bananas, coffee and kiwifruit trees, potatoes, and many more crops have faced extended losses in recent history. At the same time, using only very few varieties per species has led to a genetic bottleneck and the loss of valuable genetic diversity. Vegetative propagation may occur naturally or guided by humans. There are specific plant structures designed exclusively for this purpose. Some are bulbs, stolons or runners, tubers, and rhizomes. Artificial vegetative propagation techniques are essential for numerous horticulture crops, mainly herbaceous landscape plants. The most common methods are cutting, grafting, budding, division, and layering. Tissue culture is also a method of vegetative propagation that is mostly used for scientific purposes in the lab (in vitro propagation) that requires specialized equipment and facilities and highly trained-skilled technicians. Cuttings can be taken from different plant parts like stems, leaves, and roots. However, stem cuttings are most commonly used in agriculture. Using stem cuttings is one of the most common ways to propagate many plant species. In all cases, the cut should be performed with a sharp knife or a saw below and close to a node (the cutting should have at least 2 nodes). It is essential not to injure the bud. There are 4 main types of stem cuttings: The end tip of the cutting that will be placed on the soil (or in another medium like coarse sand or peat and perlite) can be treated with some rooting hormones to facilitate or speed up the development of roots. Usually, products containing axin in combination with a fungicide are used. Vine cuttings and tip stem cutting are also used to propagate some vegetables like sweet potato, tapioca, cassava, and pointed gourd. It is the technique of asexual propagation of joining-combining 2 different plant parts together to grow a new plant. It is mainly used for the propagation of cultivars that stem cuttings do not root easily or in case the root system is weak or susceptible to specific factors (abiotic or biotic). The great advantage of this technique is that the new plant will have the best characteristics of both parts-varieties combined and will reach maturity faster. The cultivar of interest will be the scion (that will produce the above-ground plant parts). In the case of grafting, a part of the stem (with dormant buds) is used, and in the case of budding, a single bud is used. The plant part of another plant that will produce the root system (and maybe the lower part of the stem) is called the rootstock, stock, or understock. Usually, the variety used as a scion is chosen for the superior-desirable fruiting, foliage, flowering, and growth characteristics. On the other hand, the rootstock may be chosen for different characteristics like resistance to drought or salts, soil-born pathogens, and pests and to produce plats-tress of smaller height (dwarfing). To have a successful union of the scion and the rootstock, it is essential that: There are 4 types of grafting: cleft or wedge grafting, bark grafting, whip or tongue grafting, splice grafting, and apical-wedge grafting (which works mainly for cacti). The wedge and bark grafting are mainly used in trees to change a variety at the field (very common in orange trees). Similarly, there are 3 types of budding: chip budding, T-budding (shield budding), ring budding, and patch budding. Splice grafting is an easy technique used for grafting vegetables like tomatoes. In this case, both plants that will be used either as scion or as rootstock should have up to 0.5 inches of stem diameter. The incision should be made at an angle. When you bring both plant parts together, wrap the area with a rubber grafting strip-clip or twine. The division is a very easy and commonly used propagation technique applied mainly in herbaceous perennial plants (typical examples are chrysanthemums) with more than one rooted crown or sometimes in woody shrubs that produce stolons, runners, or suckers from the plant’s base (typical examples are strawberries and raspberries). The crown division should generally be performed before the new growth starts and never during flowering. In the case of woody shrubs, the division should take place when the plant is dormant. Usually, the different crowns are pretty distinct, and separation is easy. However, in some cases, the grower may need to separate the different parts using a knife or a shovel (for larger plants). It is essential to avoid damaging the donor plant. It is a process that may happen naturally or assisted-encouraged by a plant propagator. It involves the rooting of a stem when it comes in contact with a rooting medium (e.g., soil) while still attached to the parent plant. After the successful rooting, the plant part is cut from the mother plant. There are different types of layering: This propagation technique is easy, with a high success rate, and it is chosen when a plant cannot be propagated efficiently by cuttings. To ensure the success of the process and a good root formation, it is essential to have a steady moisture supply, a moderate temperature, and good aeration. propagation with cuttings vegetative propagation"
https://wikifarmer.com/sexual-propagation-of-a-plant-everything-around-seeds/,10/19/2023 20:04,"Fruits – Seed types, structure, and classification The anatomy of a seed and the different types of seeds Purchasing – Collecting and Storing Seeds Anatomy of a flower What are Monoecious and Dioecious Plants? Hybrids and Open-Pollinated Varieties (landraces) Seed structure Coated-Treated seeds Seed Viability – Germination Test Break of Dormancy – Factors affecting seed germination Open-Pollinated varieties Hybrids (F1 Hybrids) – What are the plant hybrids? A plant is propagated sexually when it produces seeds. This process involves the reproductive organs of the plant (flowers), the successful transport of the male gametes (pollen grains from the flower’s anthers) to the female flower part (stigma)(pollination), and the fertilization of the female egg cell. If all factors are ideal, a fruit or/and seed(s) will be produced. Except for their importance as reproduction material (both for angiosperms and gymnosperms plant species), seeds of many crop species are used as an essential food source [e.g., grains (e.g., wheat, rice, and maize), legumes, etc.) and are the only propagation material that can be used in breeding programs for creating and improving plant varieties. Note: In general, when referring to seeds, we mean the botanical seeds produced by the fertilization of a plant’s flower(s) (e.g., wheat and maize grains). However, in agriculture, other plant parts are also used as propagation materials that are named/referred to as seeds (agricultural seeds). Some common examples are the potato tubers and the sugarcane setts. In this article, we will focus only on the “true” botanical seeds that are the result of the sexual reproduction of plants. While there might be a large variation regarding the appearance and the structure/anatomy of a flower, most consist of the following parts (as demonstrated in the picture): ● The petals, sepals, and pedicel ● The female part: the pistil (which consists of the stigma, pollen tube, style, and ovary (with the ovule) ● The male part: the stamen (that consists of the anthers (containing the pollen grains→ male gametes) and the filaments). All plant species belong to one of these 2 categories based on their anatomy in regard to the reproductive organs the plant carries. ● Monoecious: The plants classified in this category have male and female flowers on the same plant or plants with hermaphrodite flowers. o Hermaphrodite or Selfer: These flowers (or plants) have both the male and female organs in one single flower of a plant. ● Dioecious or Outcrossers: In this category, we classify all plant species with flowers carrying only female or male reproductive organs. These plants need the presence of compatible female and male plants of the species growing at a close distance to one another, flowering simultaneously, and the existence of an efficient pollinator to transfer the pollen from the male plant to the female plant. Most farmers know that one of the main factors affecting a crop’s performance is the variety chosen for cultivation and the quality of the propagation material used. A variety is a set of individuals that belong to the same species and are closely related to each other, forming a relatively phenotypically uniform population. The uniformity among the population, regarding the germination and growth rate, as well as the maturity time and the traits and quality of the end product, is a key characteristic. Nowadays, the majority of the varieties of the most important crop species propagated by seeds belong to the following categories: The individuals of such varieties have been created by a free cross-pollination among a group of plants. While in many modern open-pollinated varieties, a good level of uniformity has been accomplished, the population consists of genetically different individuals. These varieties have the advantage of higher adaptability and resilience thanks to the genetic diversity of their individuals. For this reason, open-pollinated varieties are preferred in low-input systems (and agrosystems) and are generally more tolerant to stresses (especially abiotic stresses). Moreover, they permit on-farm seed production (the farmer may collect and keep part of the seeds produced in a growing season as a propagation material for next year). After the Green Revolution of the 1960s, all efforts of the breeders and farmers were focused on increasing the yields of the crops cultivated globally. In this effort, the creation of new, high-yielding hybrid varieties played (and still does) an essential role. The (F1) hybrids are the first generation of offspring/progenies that result from the crossing of 2 inbred parents (homozygous in the traits-genes of interest) that differ in many traits from each other. This controlled cross between such parents (carefully selected) creates progenies with superior performance (biomass, yield, etc.) from both parents (this phenomenon is called heterosis). The F1 (first generation) hybrids are genetically identical, but each is heterozygous for the traits of interest. This population of genetically identical plants is usually superior in uniformity and performance compared to an open-pollinated variety but lacks resilience. This means that in the case there is a disease outbreak (for which the hybrids are not resistant) or an abiotic stress factor, e.g., a prolonged drought (for which the hybrids are not tolerant), then there is a high risk for extended yield losses, even crop failure. Furthermore, when hybrid varieties are used, farmers cannot collect and use the seeds produced as propagation material for the next year since the next generation will have very different (inferior) characteristics than the hybrids. As a result, they need to buy the seeds needed every year from a legitimate seller. After fertilizing a plant flower, a fruit is usually produced (from the ovary or other parts of the female gametophyte) that encloses the seeds. However, flower fertilization is not always necessary for fruit production (parthenocarpy). Parthenocarpy is a very desirable trait for many horticultural crop species like bananas, grapes, pineapple, tomatoes, etc. These fruits do not contain seeds, or they contain no viable seeds. Parthenocarpy can occur in 1 of the 3 ways below: 1. No pollination has occurred. 2. The flower has been pollinated, but no successful ovary fertilization occurs. 3. Both pollination and flower fertilization have successfully occurred, but the embryo-seed has been aborted. There are 3 main types of fruits (depending on the number of flowers-ovaries involved in the fruit formation): 1. Simple Fruits and Accessory fruit (e.g., beans, nuts, apples, peaches, tomatoes, grapes, oranges, etc.) Simple fruits are fleshy or dry. The dry fruits are further divided into dehiscent and indehiscent fruits based on the way they release or not their seeds. In dehiscent fruits, the seeds are released to the environment when the fruit (units containing the seeds, e.g., pods (in legumes), capsules, silique (in mustards), etc.) matures and opens naturally. When the seeds are not released by the fruit, the species are classified in the indehiscent category. Here are many important crop species (e.g, grains→caryopses, sunflower→achenes, almonds→nuts, etc.) The fleshy fruits are subcategorized into: ● Drupes (e.g., nuts, cherries) ● Berries (e.g., grapes, bananas) ● Pomes (e.g., apples) 2. Aggregate fruits (e.g., strawberries and raspberries) 3. Multiple or Collective fruits (e.g., pineapple, figs) The seed consists of 3 main components: 1. the embryo, which consists of the cotyledons (1 or more, in monocots, the cotyledon is also called scutellum) (seed leaf), the epicotyl/hypocotyl, the plumule (will become the shoot), and the radical (the baby root), 2. the endosperm (or perisperm) and 3. the seed coat (or testa) Seeds may vary tremendously in size, shape, appearance, and structure. A seed can be classified according to specific characteristics into different categories. The most common classification of seeds depends on the number of cotyledons (per seed) and forms 3 main categories: ● Monocotyledons (e.g., grass species like wheat, rice, etc.) that have a single cotyledon, ● Dicotyledons (or eudicotyledon) (e.g., potato, mango, pear, radish, bean, tobacco, etc.), that have 2 cotyledons and ● Polycotyledonous (e.g., pine and other gymnosperms), with more than 2 cotyledons. In case that will be used as propagation material, seeds can be purchased from a certified, legitimate seller or collected from the previous crop. A grower that chooses the first strategy has important benefits: ● variety purity and traceability ● good viability and germination rate (uniform and quick germination) ● healthy seeds without crop pests and pathogens ● more choices (open-pollinated varieties, F1 hybrids, etc.) ● in some cases, the seeds may be treated to offer extra protection against pathogens and pests during the first stages and/or facilitate sowing (e.g., with machinery) The coating of seeds is a common practice in numerous commercially sold seeds. The seeds are covered with external materials, which may include a mixture of nutrients, pesticides, fungicides, rhizobia, etc.). Its main purpose is to facilitate the planting of the seeds by smoothing their shape, increasing their size, keeping them apart (avoid clumping together), helping farmers-worker see them against the soil, and offering better contact of the seed with the soil. Moreover, this coating offers a favorable microenvironment around the seed, boosting germination. More specifically, seed coatings usually offer better water absorption. This is an especially essential characteristic when the seeds are planted in unfavorable conditions (cool soils with less moisture). There are 3 main types of seed coating: ● seed dressing (the seeds are covered with a range of fungicides to control soil born diseases or avoid infection in stored seeds), ● film coating – thin layer coating (for applying dyes, nutrients, pesticides, etc.), ● pelleting (the main goal is to increase the seed size and make it roundish to facilitate mechanical sowing. However, in this case, dyes, nutrients, and pesticides can also be included in the layers of the coating) The most important disadvantage when purchasing the seeds from the market is that it needs to be done annually and has a higher cost. In case a farmer cultivates an open-pollinated variety or a landrace that produces viable seeds, he/she can choose to collect and save some seeds to use as propagation material for the next season. Seed saving is very common among small-holder farmers and has higher success in self-pollinated crop species, like beans and tomatoes. In all cases, it is essential to collect only healthy, undamaged seeds, clean them, and store them properly for a specific period of time (depending on the seed type and species). The seeds should be cleaned from foreign matter (or other plant seeds) and dried before storage. The number one priority when storing seeds is to maintain their viability, so they germinate when sown. Keep in mind that dry seeds like wheat, maize, beans, etc can be stored longer than flower and vegetable seeds. In general, seeds should be stored in dry (30% relative humidity), cool (35-50 °F or 1.6-10 °C), and dark locations. It is best that the seeds are stored in paper envelopes, sealed glass jars (or other airtight containers), cloth bags, or cardboard boxes. At all times, avoid keeping the seeds in piles since that will decrease the aeration and can increase the temperature. Keep in mind that the seed viability decreases over time regardless of the species and the storage conditions. If a seed needs to be stored for very long periods, you are advised to check the viability of some seeds (samples) from time to time. To test if the seeds stored are still viable, we can perform a floating or germination test. With the floating test, we roughly check the variability of the seeds of certain species (non-viable seeds float). However, the germination test is more accurate and suitable for more plant species. An easy and common practice is described below: ● Choose 10-20 seeds from your stored stock (take a representative sample). ● Place them in a moist paper towel (be careful not to have too much moisture because the seeds may rot). Additionally, the seeds should be clean. ● Fold the paper towel and seal it in a plastic bag, ideally relatively transparent (to maintain moisture). ● Leave the bag in a warm area (room temperature =20-25 °C or 68-77 °F) for some days. Sunlight is not always necessary for germination, but it may facilitate it in some cases. Depending on the species, the seeds may start germinating after 3-7 days, or in extreme cases, this process may require more than a month. ● Keep track of the moment and the number of seeds germinating. This will give a first indication of the viability of seeds. Depending on the species, there are different requirements regarding the germination rate. In most crop species, 70-90% germination is considered satisfactory. Of course, in order for the seeds to germinate, the seed dormancy should first be broken. Ripe seeds are usually “quiescent” or else “dormant”. That means that while the embryo is mature and alive (viable), it remains inactive until the conditions are favorable and germination is initiated. The dormancy can be regulated by the environment (e.g., lack of water, low temperatures, etc.) or by some internal processes-substances-factors (e.g., some strong inhibitory substances in the seed coat, the coat itself may be hard to penetrate, etc.). To overcome seed-coat dormancy, a common practice is to mechanically break or remove the coat or part of it (scarification). For seeds of smaller size, treatment with hot water can be more efficient. Thorough washing of seeds with clean, renewable water may also work in some cases. On the other hand, overcoming the internal dormancy of the seeds is a more complicated process. However, in most cases, this state can be overcome by exposing the dormant seeds to cold stratification or moist chilling. As a result, the factors that affect seed germination are: 1. water-moisture (can initiate germination) 2. light (depending on the species, can initiate or inhibit germination) 3. temperature (depending on the plant species, this value may vary a lot, but there are usually some minimum, maximum, and optimum temperature levels for the germination of each plant species). Usually, a temperature between 65-75 °F or 18-24 °C is considered suitable for germination. Germination may be initiated even at very low temperatures(1-4 oC) for some crop species like alfalfa, sweet clover, lettuce, spinach, and wheat. However, the further away the environmental-soil temperature from the optimum, the longer it will take for the seed to germinate and there is a higher risk for seed-seedling damage. 4. oxygen is needed during germination since the respiration rhythm of the seed gradually increases. What is asexual or vegetative plant propagation? plant hybrids plant propagation seeds sexual propagation"
https://wikifarmer.com/farming-101-how-to-be-a-farmer-step-by-step-guide/,10/19/2023 20:04,"Farming 101 – How to be a Farmer – Step by Step Guide What Does a Farmer Do? Step 1: Decide What to grow and in which specific field – Can I get a profit?. Step 2: Examine your Financing Options – Secure your Capital Step 3: Make Sure You Have Available Inputs and Resources at the time you need them. Step 4: Organic or Conventional Farming? Choosing Quantity or Quality? Step 5: Examining Storing Facilities and Logistics – Transportation Step 6: What does a Farmer Need to do – Research, Research and again Research!! Step 7: Examine the Local and Universal Regulations about your field of interest. This post is also available in: Español (Spanish) Français (French) Deutsch (German) Nederlands (Dutch) हिन्दी (Hindi) العربية (Arabic) Türkçe (Turkish) 简体中文 (Chinese (Simplified)) Русский (Russian) Italiano (Italian) Ελληνικά (Greek) Português (Portuguese (Brazil)) Tiếng Việt (Vietnamese) Indonesia (Indonesian) 한국어 (Korean) polski (Polish) We live in an era where more and more people of different areas, with totally different backgrounds, ages and education levels seek to change their lives, by moving to the countryside and start a farming business. Since it is not that easy to become a farmer without any experience, this guide will help you to clear things out and understand the basic steps you have to take. First of all, it is very important to understand what -in fact- farmers do. As a farmer, we define anyone who makes income by working in the primary sector, raising living organisms either for food or for raw materials (for instance cotton). Farmers are believed to be people closely connected with nature, spending most of their time outside in the field, either growing plants or raising animals. This is partly true. However, contemporary greenhouse farmers may be closed in their facilities all day long and not be able to have access to sunlight. In all cases, farmers do not have specific working hours. They deal with living organisms and this often creates a mess in their personal schedule. It is not that easy to have a structured work schedule. Some of them do not have vacations or days off. Farming requires total dedication, love, and passion in order to succeed. Choosing the right crop First of all, you have to decide what you are going to grow. Although this may sound like an easy procedure, in fact, this is the most complicated decision. The type of plant (or animal) you are going to choose is perhaps the most crucial decision you are going to make. Farming is divided into categories depending on production. The main categories are: Agriculture Arboriculture (commercial fruit trees), Vegetable and Fruit Farming, Wood production, Biomass production, Grain Farming, Forage Crops, Herbs Farming, Grapes Farming (Viticulture), Berries Farming, Special Crops like Cotton and others. Most of these crops are established outdoors. Some of them can also be established indoors (greenhouses) with soil or air/water as a substrate medium. Livestock Farming In this category, we have farmers who raise animals mainly for their milk, meat, or eggs. Some examples are cows, sheep, goats, pigs, and poultry farming (chickens, ducks, etc.), etc. Some Authorities do not consider Poultry Farming as Livestock, but rather as a separate category. Beekeeping is a special type of farming. Farmers raise honey bees from which they collect, honey, pollen, royal jelly or wax. Snails Farming Farmers raise snails, either for their meat, or their “jelly” excretion. Worms Farming This is a special type of farming where farmers grow worms in order to use them for the conversion of waste to organic fertilizers. Before you start, it is crucial to do extended research on your desired crop or livestock. Once you have selected 3-4 potential crops, you shall consider contacting local producers and agricultural scientists, so as to be informed about the type of plants and varieties that thrive in this particular area. Match the crop to the market First of all, you have to define your client, for a selected crop. Who is going to buy your products? What is the number of prospective buyers in your region for the crop you will choose? At what price do they buy other similar products? Do they pay cash or on credit? When do they buy the product? Do you need storing facilities so that you can have more time to negotiate a better price? Can you export your product (find buyers from another country)? Is there a real demand for the product you choose? A frequent mistake of new farmers is that they start their crop establishment without taking into consideration any of these. If there is no demand for your product, you will probably end up broke, although you may have produced an excellent product. Thus, you can start with your crops checklist and start to examine potential markets for each one of them. You may have to exclude those crops that you are not sure if you can sell the production. In some cases, beginning farmers join a group of local farmers (association), so that they can have synergies. In many countries, farmers (who grow a specific crop) form an association. The association creates a Marketing Department and employes a group of people responsible for finding markets for the products. In this way, all the farmers pay a fee and actually outsource sales and marketing activities. Thus, they have more time to invest in core activities. But even in this case, you must always have a basic understanding of the market that your products target, so that you will always be ready to find an alternative. Choosing the right field for this Crop The topography of the area, type of soil, environmental conditions, and climate are very important factors that all potential farmers should know, before starting any other activity. The location of your field can dramatically change your business plan and your daily routine. For example, livestock farmers in areas with rich and diverse flora may rely more on pasture for feeding their animals. On the contrary, livestock farmers in areas with no flora will have to buy foodstuff, something that will surely increase costs. Without a field, you cannot start your farm business. There are two scenarios when it comes to field selection. In case you own the land, things are easy. But in case you do not own land, you will have to rent or lease someone else’s field(s), and here is the point where the problems start. You should have in mind that there are some plant categories you may have to avoid in case you do not have your own land. Perennial plant categories may be not suitable, for many reasons. First of all, the cost could be really high in case you wish to rent a field for many years. Moreover, when it comes to commercial fruit trees, for example, you have to know that most trees do not produce fruits earlier than 6-7 years. Thus, you will have to pay rent without having any revenues for some years. Moreover, there are legal issues. Although you may sign a contract, according to which you are allowed to occupy the land for 30 years or more, the legal framework may change in such a long time. Thus, you may be enforced to destroy your crop and leave, and in some cases without receiving any compensation. In case you and your family do not own land, you may consider avoiding crops of long term engagement. Perennial herbs crops last 6-12 years. Grape vines and fruit trees normally mature 7-8 years after planting and can continue to give a good yield for 30-60 years or more. You may consider avoiding those categories. On the contrary, most vegetables can be harvested (and thus produce revenues) 3-5 months after transplanting or seeding. These crops may be more suitable for a new farmer. Cereals (wheat, barley, corn) and cotton can be harvested 6-9 months after seeding, but these crops are considered commodities. This means that their price is mostly determined by the processor – buyer according to the local demand and supply. This is a very competitive landscape, and a new farmer can rarely have a profit by growing commodities during his/her first years of engagement. However, every case is different, and yes, in some cases, it can be financially wise to start a commodity crop in some areas. In any case, the field you are going to choose should be suitable for your selected crop. It is your responsibility to do your research about the field structure, pH level, and crop history. Collecting 3-4 soil samples from different spots of the field and sending them to a laboratory is essential. A local licensed agronomist can let you know if the soil is suitable for this crop. You can also get advice on any corrective actions you may have to take, so as to restore soil fertility. Finally, you have to examine your region’s annual precipitation levels as well as the dates that the first and last frost usually appears. Another important factor is whether the field has access to water. Most of the commercial crops need irrigation in order to give acceptable yields. In case you choose a field that has no access to a water source, you will need to use water tanks transferred from the closest resource. In order to transport water tanks, you will need to find tractors. The cost and effort are going to be high. Examine the Total Costs versus. Total Projected Revenues. Will I make a profit? By now, you will have ended up with a limited number of alternatives on your list. It is now time to make a small business plan, by examining the potential income you are going to receive from each of the alternatives, based on the revenues and the projected costs. The way to do so is simple. Try to contact successful farmers that have years of experience in the crops you consider to grow. These people, given that they are honest and willing to share details, are the best source of information concerning market prices and actual costs. However, for a more scientific opinion, agricultural advisors – experts could also help you by taking into account all the parameters and creating a business plan for you. You may think, “what could be the cost for crop farming?” In fact, depending on the type of farming, the cost could vary from some hundreds to some millions of dollars per year. Costs include : As far as projected revenues are concerned, we normally need 3-4 inputs. First, we need to calculate the total surface of our cropland. Secondly, we need to make a research about the average yield of our crop in our region. By multiplying these two, we can get our projected total yield. For example, let’s suppose that we want to grow eggplant and our field is 8 hectares. We know that the average eggplant yield per hectare in our region is 25 to 40 tons per hectare. Thus, we have to multiply 8 hectares X 25 tons = 200 tons of eggplant. Finally, we need to make a research on the market price of the eggplant in our region (not the retail price, but the price the farmer gets). Suppose that farmers report that this price is 100$ per ton. Then, our projected revenues will be 200 tons X 100 $ per ton = 20000 $. Keep in mind that we picked the lowest possible yield (25 instead of 40 tons), because beginning farmers are not supposed to produce the maximum or even the average yield. Very often, the average yields reported online can only be obtained by successful farmers after many years of experience. Moreover, there can be significant deviations from all these numbers. For example, not all varieties of eggplant can be marketed at the same price. Vendors may also buy your products at a much lower price, claiming that your fruits are not uniform (this is a frequent problem of beginning farmers). But even in this case, we can have a general view of our projected revenues for this specific crop. Examining and documenting all these costs and projected revenues is essential in order to figure out if you will have a profit when your crop matures. Many people are very tired of their city lifestyle. They just want to get a new life by engaging in agricultural activities in the country. However, getting into farming without doing this kind of research will surely lead to your personal economic disaster. Needless to say that a farmer is not paid every month or 15 days, as an employee normally does. In the best-case scenario, a farmer is paid when (s)he sells the product. This means that -by default- farmers will have to pay first all the production expenses out of their own pocket, well before they realize any revenues. Thus, you will have to secure capital in order to buy all the inputs (seeds, seedlings, fertilizers, agrochemicals, irrigation equipment, workers’ wages, etc.) and of course to cover your own family’s cost of living for at least the next six months or so. Hopefully, there are many options when it comes to farming loans, in case you do not have the required capital. In many countries, State Agencies want to encourage new people to get into farming. Thus, they act as a guarantor so that farmers can receive zero-interest rates loans from commercial or State banks. International Institutions also give loans to new farmers in many countries. Contract farming can also be an option. This means that the farmer and a buyer (for example, a food processing company) agree on a certain price of a product before the crop is established. In many cases, the buyer covers all the expenses of the crop establishment, and of course, this amount is deducted from the final revenues of the farmer. This can also be an alternative form of financing. Another thing to consider is whether you can have available all the necessary inputs and resources when you need them and at reasonable prices. For example, farmers often hire workers to help them with some procedures (for instance, harvesting). It will be a great surprise to start your farm business and realize you cannot find workers in your area. Even if your farm does not require permanent staff, you must be sure you can hire occasional workers at the time you need them. For instance, in the case of viticulture, most grape farmers need a considerable number of workers to help during the harvest period. In case they do not find workers at that time, the grapes are going to stay longer on the plant, and their quality and commercial value will decrease significantly within a week. Even in developed countries like the USA, experienced farmers have reported that they abandoned apple tree commercial orchards because they could not find workers at the exact time that the apples should be harvested. Cotton farmers also face similar issues. The crop matures at some point and needs to be harvested urgently. However, cotton cannot be harvested by hand; it can only be harvested through tractors that cost hundreds of thousands of dollars. Can you rent such a machine at this point? If there are a lot of cotton fields in an area, and only a small number of harvesting machines, then only a fraction of cotton fields will be harvested at the right time. The rest will be left, and their quality and market price will be diminished. Consequently, as it happens in nearly all professions and careers, being a successful farmer does not depend exclusively on yourself, but also on your local ecosystem and the network you build over the years. In a few words, organic farming involves growing techniques and methods that seek to protect the environment, humans, and animals, through sustainable agriculture. Producers of organic farming are not allowed to use anything but biological substances for both fertilization and crop protection. As fertilization methods, they mainly use manure, compost, or special organic synthetic fertilizers. As crop protection measures, they mostly use traps and predators. This farming method requires a lot of effort and money and has significantly lower yields than conventional farming. However, the organic producer can market the products at higher prices than the conventional ones. On the other hand, conventional farming does include the utilization of agrochemicals or synthetic fertilizers, only if they are used according to GAP standards. The decision on choosing organic versus conventional farming is not easy. It is for sure that a new farmer cannot compete in cost. (S)he does not have the experience to control all the costs and produce an average product at an attractive price. Thus, many new farmers choose organic farming. In this way, they bet on quality. They plan to produce a small quantity of a high-quality product that can be sold at very high prices. Some of them are successful in this, while others are not. In any case, organic farming requires special handling, guidance, and some level of experience in order to be successful. Not all products are transferred directly from the field to the market. In many cases, the crops need to be stored for some time before they are transported to the buyer’s facility. Wholesalers are often responsible for storing the products. However, many farmers do not sell their products to wholesalers. Thus, it may be crucial to have a proper storing facility suitable for the crop you produce. Different products need different storing conditions in order to be properly maintained. In most cases, storages are buildings equipped with sensors able to control and stimulate the temperature, moisture, CO2, and light conditions. Transportation may not be a farmer’s responsibility in many cases. However, many farmers need to transfer their products and deliver by themselves, especially to local buyers. A farmer who is responsible for transportation should be equipped with a vehicle that meets the requirements of safe shipping for the product, in order to avoid the product’s contamination. According to the Center of Rural Affairs, “in the preindustrial economy, wealth was directly tied to land ownership. The more land you own, the more you could produce and the more money you made. In the industrial economy, the people who had access to capital to build factories and delivery systems captured the wealth. Today we are in a knowledge-based economy. Wealth is now flowing to those who know something others don’t.” This is very important for a farmer. In hundreds of cases, we see a group of farmers in a particular area growing a specific crop in exactly the same way. These farmers produce exactly the same product, but in the end, only one of them can sell it at a higher price. This grower may have done extensive research on finding overseas markets or on selecting a different packaging for his/her products. In the case of herbs, this grower may distill the product and sell the essential oil, instead of selling the floral mass at a low price. This grower will most probably be a successful farmer for many more years to come, while all the other farmers (that rely on conventional wisdom) will always complain that they do not get any profit and that farming is not financially sustainable. Farmers of 2022 and beyond must do extensive research (365 days a year if possible) on new growing techniques and new markets for their existing crops, new uses of their products, new packaging, alternative sales channels, new profitable crops that may thrive in their regions, etc. In order to become a farmer, it is not required to have a degree. However, it is essential that you make constant online and offline research on crop-related and marketing issues. There are some subjects you may need to be trained about, so as to be capable of coping with any situation. For example, it is essential to deeply understand your crop. Farmers who have extended knowledge about their crops basic biology, life cycle, and growing stages are able to recognize possible physiological or pathological anomalies at their first stages. Thus, they have better chances to make quick fact-based decisions and produce quality products over the years. Furthermore, it is extremely important to be informed about the proper use of water and energy resources, what agrochemicals are available, and how to use them wisely according to the Good Agricultural Practices standards. In general, although online research is absolutely necessary, there are also other sources of valuable information. The members of your local Farmers Association or your local Agricultural State Authority Office must become your best friends. They can inform you of industry updates (business and scientific), for example disease outbreaks, changes in the legal framework, new markets for your products, new potential buyers, loans intended for specific crops, etc. Of course, you have to question everything, and at the end of the day, you are responsible for any decision you make. However, good information from local experts is always welcome and can sometimes lead to wise decisions. Good Agricultural Practices (also known as GAP) are a series of methods that farmers have to apply in order to protect their own health and well-being, the health and well-being of people who consume their products and finally the environment. Standards may differ from one country to another due to different regulatory and legal frameworks, but the philosophy remains the same. The rules and principles of Good Agricultural Practices altogether create a mindset of prevention, rather than troubleshooting. The implementation of Good Agricultural Practice starts before the crop establishment. For example, if you select a field that is heavily contaminated, even if you do everything properly, your product will most probably still be dangerous for the general public. The implementation of GAP will certainly lead to long term income increase for farmers and at the same time, will help us consume safer food of higher quality. Finally, environmental sustainability is enforced through the implementation of the basic principles of Good Agricultural Practices. Constant training and education are essential for farmers and all people involved in the supply chain of agricultural and non-agricultural products. In our modern, regenerated agricultural world, every professional farmer has to consider, apart from expanding his/her production, being alert and conforming with the sustainable agricultural principles and guidelines. Many agencies, food processing companies and retailers globally apply GAP standards for their suppliers, in order to increase the quality of their agricultural products. Producers who do not comply with those standards will gradually fall behind. Globalization and international trade give the opportunity to retailers, to easily seek for new GAP certified suppliers. Livestock is a much more complicated field than Agriculture and requires heavier financial and personal engagement. It is crucial to know that not all commercial livestock facilities are allowed in all areas. In addition, most countries have strict rules about the distance a livestock facility should have from a populated area. You must be informed about the regulations in your area before proceeding to any activity. When it comes to animal farming, the field you are going to choose to install your facility is very important. Once again, in case you own a field at an area where you are allowed to keep animals, things are easy. On the contrary, in case you need to rent or lease land, you may increase your production cost significantly and may be forced to leave at some point. In any case, make sure to sign a reasonable contract with the owner of the land. Installation cost is greater in livestock farming. Commercial livestock involves a heavy investment in order to build a proper legitimate livestock facility and house properly the animals. Contemporary milking equipment is also expensive. There are also other costs associated with feeding and vaccinating the animals. Conforming to hygiene standards and having a sound and documented waste management plan is essential. Again, it is crucial to decide on what kind of livestock activity you are supposed to engage in. Not all animals are suitable for everyone. The animals you are going to raise will be part of your life and family. You are going to spend most of your day with them. Thus, it is crucial to make a wise decision. A good technique is to start by having 2-3 animals in your backyard (if this is legal) so as to examine whether you are suitable for this career. In case you can cope with this new lifestyle, then you may start asking yourself the questions mentioned above. Who is going to buy your products? What is the number of prospective buyers in your region for your milk, meat, or eggs? At what price do they buy other similar products? Do they pay cash or on credit? When do they buy the product? Do you need storing facilities so that you can have more time to negotiate a better price? Can you export your product (find buyers from another country)? Is there a real demand for the product you choose? Can you eventually get a profit from all these (Profit = Total Revenues – Total Costs)? Check out Prices of Agricultural Products Русский (Russian) Русский (Russian) Italiano (Italian) Italiano (Italian) Tiếng Việt (Vietnamese) Tiếng Việt (Vietnamese) Indonesia (Indonesian) Indonesia (Indonesian) 한국어 (Korean) (Korean) The installation cost. For example, when it comes to greenhouse farming, the cost can be really high, as a lot of expensive equipment is required (skeleton, covers, fans, heaters, lamps, etc.). Soil preparation cost: Plowing, Leveling or Restoring Soil Fertility Seeds / Plants purchase cost Irrigation cost: Most plants need irrigation in order to grow and produce an average yield. Thus, for commercial farming, in most cases, you may need to install an irrigation system. Protective nets and covers: Some plants may be more sensitive than others, and farmers need to protect them under specific environmental conditions. Fertilizers or Manure cost: Most plants, when grown for commercial use, need to be “fed” in order to produce an acceptable yield. Crop protection substances: Growers that practice conventional farming may need to buy agrochemical products, that protect the crop against pests and diseases. Labor cost: One of the most important costs is labor costs. It is almost impossible to work all alone; you will have to hire people for helping you, at least during critical stages of the crop (for example, harvest). Machinery cost: Some crop types need special machinery in order to be seeded or harvested. Storage cost: For products that are not transferred to the market the same day they are harvested, farmers may need to build special areas where they will store the products. In most cases, these areas are equipped with sensors that control the temperature, moisture, and CO2 levels. Transfer cost. This can also be an important fraction of the total cost. Where is your buyer located? In many cases, farmers pay for transportation fees. Crop Insurance cost. Fees of various experts and scientists that will give you advice. , and light conditions. According to the Center of Rural Affairs, “in the preindustrial economy, wealth was directly tied to land ownership. The more land you own, the more you could produce and the more money you made. In the industrial economy, the people who had access to capital to build factories and delivery systems captured the wealth. Today we are in a knowledge-based economy. Wealth is now flowing to those who know something others don’t.” farming how to be a farmer"
https://wikifarmer.com/category/agricultural-principles/plant-propagation/,10/19/2023 20:04,"Plant Propagation Seed treatment and its importance for agriculture and food safety Sexual Propagation of a Plant – Everything around seeds What is Asexual or Vegetative Plant Propagation? What is Plant Propagation – Types and characteristics of Sexual and Asexual propagation material What is seed treatment? Seed treatment is the application of fungicide, insecticide, or both to the seeds to disinfect (deep-seated) and disinfect them (over seed coat) from seed-borne or soil-borne […] A plant is propagated sexually when it produces seeds. This process involves the reproductive organs of the plant (flowers), the successful transport of the male gametes (pollen grains from the […] Depending on the plant species and the goal of the farmer or the scientist, plants can be propagated sexually (forming viable seeds) or asexually-vegetatively. Asexual or vegetative propagation is the […] What is Plant Propagation? As plant propagation, we define the process of multiplying or regenerating a plant (mother plant). A farmer could use plant propagation to obtain a desirable marketable […]"
https://wikifarmer.com/augmenting-the-role-of-innovation-for-sustainable-agri-food-systems/,10/19/2023 20:04,"Prelude The EIIS Food & Sustainability Approach Too Good To Go: A Movement Against Food Waste It is estimated that the global population’s growth is expected to reach near 10 billion by 2050 (1), and to feed this growing population, global food production needs to double (2). This massive demand for food must be met against the backdrop of climate change, depleting natural resources, geo-political conflicts, global food and energy crisis, and supply chain disruptions. Such challenges necessitated new ways of thinking about producing and consuming food. Trends like plant-based food, cultured meat, vertical farming, local food production, food circularity, food sharing, and food waste reduction technologies are picking up steam and have come a long way in addressing food insecurity and combating the food system’s impact on climate change, as it is estimated that more than 1/3 of global GHG emissions are food system related (3). As promising as these innovations are, they cannot, in silos, solve the food crisis and the food-induced climate change problem. More comprehensive frameworks are needed to amplify innovation’s impact in creating sustainable food systems. In 2021, the European Institute of Innovation for Sustainability (EIIS) launched its first Food & Sustainability Certificate Program edition. This interdisciplinary and solution-based program covers all aspects of the food system. It aims to answer the intricate question of how we can feed 10 billion people by 2050 without harming the environment. To respond to this question, participants in this program are called upon to be creative in coming up with solutions from the innovation, education, and policy angles-covering the three pillars of Food Loss & Waste, Sustainable Agriculture, and Nutritional Challenges (4). The above solution areas can only go so far in addressing food system challenges in their domain but put in conjunction, they can produce a more significant impact. Let’s take Food Waste as a food system issue, for example, and examine how the innovation, education, and policy mix can come into play in solving this problem. In 2016 the French government introduced a law that bans supermarkets from disposing of unsold food items in trash bins and donating them to charities instead, in an ambitious effort to half the country’s food waste by 2025 (5). This law expanded further to target catering and food distribution channels, which required the food chain in France to find ways to deal with excess food and fight food waste. Too Good To Go, a leading Danish-based technology startup on a mission to combat food waste, came as a solution that enables food outlets to sell their unsold food at reduced prices to interested buyers via a convenient application, thus creating a win-win solution for both food outlets who can commercialize on their unsold food as well for consumers who can save on food purchases while reducing food waste and its environmental impact (Innovation). Too Good To Go also plays a vital role in promoting public awareness of food waste impact and how to reduce it. For example, also in France in January 2020 it launched the “le Pacte sur les Dates de Consommation” which translates into the Pact for Expiration Dates, a movement by which To Good To Go aims at changing the confusing perception of expiry dates from “Use by” to “Best by” and “Sell by” dates; so that food can be safely consumed longer than is advertised initially on certain food items (Education) (6) . According to the European Commission, expiry dates are responsible for 20% of food waste in households (5); thus, changing the public perception of expiry dates can play an essential role in reducing food waste. As a result, 38 key food chain players, including Nestle and Danone, have joined the pact to change the expiry date to “Best by” on their products where possible (7). In addition, in 2021, Too Good To Go also launched the My School Against Food Waste initiative for elementary schools by providing tools and materials to teachers and professionals to familiarize students with food waste issues and reduction methods, thus promoting food waste awareness among children at a very young age (8). Too Good To Go’s efforts in championing food waste reduction efforts do not stop at innovation and education but go far to reach policy-making influence. In 2021, the tech startup launched its My City Against Food Waste charter also in France to encourage municipalities and local officials to commit to food waste reduction actions, such as “creating zero-waste measurements at school canteens, encouraging retailers collaboration to provide solutions for food waste, support local food waste projects, and organize an annual event for food waste awareness.” This campaign resulted in 41 cities in France signing the charter and actively working towards its implementation (9). Moreover, Too Good To Go went further in its political influence in Europe to provide input on the European Commission’s Inception Impact Assessment, which aims to establish legally binding targets and legislative frameworks to reduce the EU’s food waste to 50% by 2030 (10). Too Good To Go sets a brilliant example of how a multifaceted approach that builds on the strengths of multiple tools can amplify solutions for food system challenges. Thus, it is incumbent on any food system innovation initiative to consider wider paths at the design level to ensure more impactful outcomes. 1- How to Sustainably Feed 10 Billion People by 2050, in 21 Charts: https://www.wri.org/insights/how-sustainably-feed-10-billion-people-2050-21-charts 2- Food Production Must Double by 2050 to Meet Demand from World’s Growing Population, Innovative Strategies Needed to Combat Hunger, Experts Tell Second Committee: https://press.un.org/en/2009/gaef3242.doc.htm 3- Food systems account for more than one third of global greenhouse gas emissions: https://www.fao.org/news/story/en/item/1379373/icode/ 4- EIIS Food & Sustainability Program: https://www.eiis.eu/food-sustainability 5- France’s law for fighting food waste : https://zerowasteeurope.eu/library/france-law-for-fighting-food-waste/#:~:text=In%20February%202016%2C%20France%20adopted,its%20destruction%20and%20facilitating%20donation. 6- Too Good to Go mobilizes France against expiry dates: https://www.retaildetail.eu/news/food/too-good-go-mobilizes-france-against-expiry-dates/ 7- De Danone à Nestlé, Too Good To Go mobilise pour la révision des dates de consummation: De Danone à Nestlé, Too Good To Go mobilise pour la révision des dates de consommation / Qualité – Process Alimentaire 8- Mon École Anti Gaspi: https://www.toogoodtogo.com/fr/c/ecole-antigaspi-toogoodtogo/programme-mon-ecole-antigaspi 9- My Waste-Free City: https://nutrimarketing.eu/ma-ville-anti-gaspi/ 10- Feedback from Too Good To Go: https://ec.europa.eu/info/law/better-regulation/have-your-say/initiatives/13223-Food-waste-reduction-targets/F2746251_en sheds light on low and high-tech innovative solutions that work to alleviate challenges in the three pillars. addresses awareness programs to build public awareness on food system issues and how we can contribute to reducing food system sustainability issues. talks about policy instruments governments can implement to drive and incentivize interventions that promote constructive practices in the food system and penalize those with a negative impact on it. Too Good To Go also plays a vital role in promoting public awareness of food waste impact and how to reduce it. For example, also in France in January 2020 it launched the “ le Pacte sur les Dates de Consommation ” which translates into the Pact for Expiration Dates, a movement by which To Good To Go aims at changing the confusing perception of expiry dates from “Use by” to “Best by” and “Sell by” dates; so that food can be safely consumed longer than is advertised initially on certain food items (6) . According to the European Commission, expiry dates are responsible for 20% of food waste in households (5); thus, changing the public perception of expiry dates can play an essential role in reducing food waste. As a result, 38 key food chain players, including Nestle and Danone, have joined the pact to change the expiry date to “Best by” on their products where possible (7). In addition, in 2021, Too Good To Go also launched the initiative for elementary schools by providing tools and materials to teachers and professionals to familiarize students with food waste issues and reduction methods, thus promoting food waste awareness among children at a very young age (8). Too Good To Go’s efforts in championing food waste reduction efforts do not stop at innovation and education but go far to reach policy-making influence. In 2021, the tech startup launched its charter also in France to encourage municipalities and local officials to commit to food waste reduction actions, such as “creating zero-waste measurements at school canteens, encouraging retailers collaboration to provide solutions for food waste, support local food waste projects, and organize an annual event for food waste awareness.” This campaign resulted in 41 cities in France signing the charter and actively working towards its implementation (9). Moreover, Too Good To Go went further in its political influence in Europe to provide input on the European Commission’s Inception Impact Assessment, which aims to establish legally binding targets and legislative frameworks to reduce the EU’s food waste to 50% by 2030 (10). 1- How to Sustainably Feed 10 Billion People by 2050, in 21 Charts: https://www.wri.org/insights/how-sustainably-feed-10-billion-people-2050-21-charts 2- Food Production Must Double by 2050 to Meet Demand from World’s Growing Population, Innovative Strategies Needed to Combat Hunger, Experts Tell Second Committee: https://press.un.org/en/2009/gaef3242.doc.htm 3- Food systems account for more than one third of global greenhouse gas emissions: https://www.fao.org/news/story/en/item/1379373/icode/ 4- EIIS Food & Sustainability Program: https://www.eiis.eu/food-sustainability 5- France’s law for fighting food waste : https://zerowasteeurope.eu/library/france-law-for-fighting-food-waste/#:~:text=In%20February%202016%2C%20France%20adopted,its%20destruction%20and%20facilitating%20donation 6- Too Good to Go mobilizes France against expiry dates: https://www.retaildetail.eu/news/food/too-good-go-mobilizes-france-against-expiry-dates/ 7- De Danone à Nestlé, Too Good To Go mobilise pour la révision des dates de consummation: De Danone à Nestlé, Too Good To Go mobilise pour la révision des dates de consommation / Qualité – Process Alimentaire 8- Mon École Anti Gaspi: https://www.toogoodtogo.com/fr/c/ecole-antigaspi-toogoodtogo/programme-mon-ecole-antigaspi 9- My Waste-Free City: https://nutrimarketing.eu/ma-ville-anti-gaspi/ 10- Feedback from Too Good To Go: https://ec.europa.eu/info/law/better-regulation/have-your-say/initiatives/13223-Food-waste-reduction-targets/F2746251_en innovation"
https://wikifarmer.com/category/agricultural-principles/,10/19/2023 20:04,"Agricultural Principles Thriving in Arid Africa: Water-Wise Techniques, Drought-Resistant Crops and Soil Innovative Approaches How to Transplant Seedlings Successfully – A Plant Transplanting Guide Empowering Small-Scale Farmers: Strengthening Market Access and Value Chains Unlocking the Economic Potential of the Aloe vera Value Chain The Potential for Combining Hydroponics and Crop Circle Farming with Traditional Practices How Crop Circle Farming and Hydroponics can help Farmers in South Africa The Role of Women in Promoting Positive Food Practices in Africa Thriving in Arid Africa: Water-Wise Techniques, Drought-Resistant Crops and Soil Innovative Approaches for Agricultural Enhancement Arid and semi-arid regions, covering a significant portion of the Earth’s land (about 41%), endure […] A seedling (small plant) is derived from a seed in a process called germination. Seeds for seedlings Farmers may sow their seeds directly into the soil or obtain quality […] Introduction Small-scale farmers are the backbone of food production in global agriculture. They supply communities worldwide with the sustenance and livelihoods they need to survive. It is impossible to overestimate […] Aloe vera is a succulent plant that originated in North Africa, the Arabian Peninsula, and the Canary Islands, with a rich history of medicinal and cosmetic uses. It is sometimes […] Integrating Traditional and Innovative Farming – Hybrid Farming System Hydroponics and crop circle farming are powerful and sustainable farming techniques on their own, but their integration with traditional practices can […] South Africa’s agricultural sector plays a vital role in its economy, providing employment to millions of people and contributing significantly to its Gross Domestic Product (GDP). Yet, traditional farming methods […] As we navigate the challenges of food security and sustainable agriculture in Africa, one key factor stands out — the irreplaceable role of African women in the sector. In promoting […]"
https://wikifarmer.com/using-food-waste-to-make-a-difference-how-to-reduce-and-reuse-food-waste/,10/19/2023 20:04,"‘Imperfect’ food Examples of food waste use This post is also available in: Deutsch (German) Ελληνικά (Greek) Português (Portuguese (Brazil)) According to the NRDC, more than 40% of food grown in the U.S. is wasted. Globally, that figure is more than 33%. And it’s a sobering thought to consider that all of the planet’s hungry million – in the region of 1 billion – could be fed on less than 25% of the food wasted in the U.S. and Europe alone. And it’s not just the fact the food is being wasted – rotting food and food that is thrown away – would be the third biggest creator of greenhouse gases if it were a country. This waste is not just food that could be eaten; it extends to a waste of fertilisers, the cost of harvesting food that is never eaten, the storage of that food, and potentially other expenses such as transportation. And another sobering thought: More than 25% of the world’s freshwater is used on food that is wasted. General figures for food waste are difficult to calculate. There are regional and national variations, and also differences between foods – for example, the percentage of waste of dairy products differs considerably from that of fruit and vegetables, and it differs greatly between countries. However, according to a 2019 paper in the journal Resources, Conservation and Recycling by Carla Caldeira et al., 637.8Mt (megatonnes) of food was available in the EU in 2011. Of that, 129.2Mt (20.3%) was wasted. Of that total waste, 24.9% was at the primary production stage, 23.7% was in processing and manufacturing, 5.2% was at the retail and distribution level. In comparison, losses in the home amounted to 38.4%, with food service responsible for 8.0%. In terms of the categories of food, vegetables led the way, with 24.2% of the food loss, fruit at 21.7%, cereals (12.1%), meat (11%) and oil crops (9.8%). Clearly, the best way to reduce food waste is to avoid creating it in the first place. Some of the food lost is perfectly edible but is considered ‘imperfect’. That is, it does not aesthetically meet what are considered to be ‘standards’. This could be because it is slightly smaller than the norm or it is misshaped in some way. Much of this food is either recycled, fed to livestock, or used as fertiliser. Uses for wasted food Some supermarket chains, however, have started to sell ‘imperfect’ fruit and vegetables, generally at a lower price than uniform produce. Most U.K. supermarkets, for example, have a range of imperfect vegetables. In the U.S., companies are taking advantage of imperfect food, which they purchase from producers and sell to the end consumer. There are also plenty of other food products being created from imperfect fruit and vegetables. After all, the shape of a watermelon is not relevant if it is being processed into a fruit drink. The Environmental Protection Agency in the U.S. has a Food Recovery Hierarchy graphic to explain ways to handle the excess food. Feeding the hungry is the top priority, with animal feed as the second tier. Below this is another potential destination for otherwise unusable vegetables and fruit, and that is for the industry. Many crops are specifically grown for biofuel. However, this has proven to be controversial. There is an argument that land used to grow crops for biofuel could be utilised for food production. It has led to calls for biofuels to be created from food waste, albeit not exclusively. While using food waste to feed people is clearly the priority, other uses of waste have emerged, and it is also becoming attractive to startup businesses to turn waste into energy or other products. For example, a Greek company is taking food waste and turning it into energy. Supported by the EU, the university spin-off uses food waste for small-scale and on-site energy production. THE EU-funded LIGNOFLAG project was set up in 2020. The firm coordinating the program is working towards commercialising a technology to produce cellulosic ethanol from agricultural residues, such as cereal straw, corn stover, and sugar cane bagasse. Cellulosic ethanol can be used as an alternative to gasoline to power vehicles. LIGNOFLAG’s main objective is to build and operate a first-of-its-kind, commercial-scale cellulosic ethanol production plant in Podari, Romania. Last year, a study in India showed that a bacterium, Bacillus sp. PM06, can saccharify and ferment all three types of lignocellulosic biomass – wheat bran, sago waste, and rice bran. The authors of the study say this makes bioconversions more economically viable. In 2014, studies showed that the production of ethanol is possible from sugarcane bagasse, rice straw and wheat straw by using the yeast Saccharomyces cervisae. Another multinational company can produce BioCNG from biogas from the food industry, farms or small dairy farms, as well as farms with less than 3,000 head of cattle. Alternatively, the company can produce BioLNG from waste from larger facilities, landfills and sewage systems. A project in India not only creates energy from waste but also creates jobs – more than 400 of them. And there are other benefits. Not only is greenhouse gas reduced because crops are no longer being burned, but also clean energy is being created. And in Australia, more than 130 landfill sites utilise the methane from rotting food to produce electricity. It is not just energy that can be created from food waste. Products such as concrete, cement and bricks can utilise a variety of waste foodstuffs. Waste can also be turned into cosmetics, food additives, dietary supplements and pharmaceuticals. A project in Australia – the Southern Hemisphere’s biggest producer of potatoes is utilising waste potatoes to create bioplastics. And 40% of Australian potatoes never make it into the food chain. This recycling effort is part of a circular economy, as this waste can be turned into products that help increase the shelf life of other foods, thereby reducing more waste. There are countless other examples of companies trying to make a difference to reduce food waste at each step of the value chain. And, for farmers, there may be better – and more lucrative – alternatives to discarding unwanted, unusable or excess crops in landfill or turning them into fertiliser or animal feed. This also applies to parts of plants that are not harvested. It is always worth exploring if there are other opportunities available. So, while there will always be food waste, reducing it, and finding innovative ways to utilise what waste is created, means there is the hope of feeding the growing population, reducing greenhouse gases and water use, and providing green energy around the world. NRDC , more than 40% of food grown in the U.S. is wasted. Globally, that figure is more than 33%. Another multinational company can produce BioCNG from biogas from the food industry, farms or small dairy farms, as well as farms with less than 3,000 head of cattle. Alternatively, the company can produce BioLNG from waste from larger facilities, landfills and sewage systems. food waste reduce food reuse food"
https://wikifarmer.com/catechins-in-tea/,10/19/2023 20:04,"Catechins in Tea Lately, beneficial compounds for health have been known to be found in unusual foods produced in remote places. This is not the case with catechins, highly healthful compounds abundant in a widely known and globally disseminated beverage: tea. Tea originated in China, where it has been consumed for over 5,000 years. During the 10th century, its consumption spread outside China, becoming popular in Japan, Nepal and Tibet. In the 17th century, Dutch explorers brought it to Europe, where it was well accepted in Portugal, England, France and Germany. Due to its beneficial health properties, tea was sold as a medicine rather than as food. Due to its success, Dutch traders took it to New Amsterdam, now New York, where it also became appreciated by North American consumers. Later on, its diffusion in Latin America was not smooth, since many countries already had consolidated local beverages, such as coffee and yerba mate. Despite this, tea managed to gain a place in Latin America. Nowadays, after water, tea is the most consumed beverage worldwide. All tea-consuming civilizations recognized it as a healthy drink. For this reason, it has been studied extensively. Tea is rich in polyphenols, a varied group of compounds with high antioxidant capacity. Here we will delve into a subgroup of them: the catechins, abundant in tea and of high interest for human health. It is known that there are many types of tea. The best-known are green and black tea. Both come from the same species: Camellia sinensis. Green tea is made of intact leaves, so its catechins are not diminished. To make black tea, the leaves are crushed, which promotes the oxidation of catechins, thus their degradation, forming dark compounds. So, green tea and black tea come from the same plant, with black tea resulting from the oxidation of green tea catechins. Therefore, black tea is lower in catechins compared to green tea (Figure 1). A similar case is seen in apples based on the same principle. If this fruit receives a punch, the polyphenol oxidase enzyme inside it is released, which leads to the oxidation of its phenolic compounds, forming new dark compounds. This shows that nature works with similar patterns for apparently different foods! Figure 1. Total catechins and epigallocatechin gallate (the most abundant catechin) in green and black tea. (Adapted from Khokar and Magnusdottir, 2002). Catechins give green tea many of its beneficial properties, which, as they are present in more significant amounts than in black tea, make green tea a healthier beverage. Catechins are among nature’s most potent antioxidants. They have the highest bioactivity in green tea, with proven in vitro and in vivo effects. Catechins trap different free radicals in the body. Thus they prevent undesirable oxidation reactions from occurring. They can also trap toxic metals within the body, which, if free, will catalyze harmful oxidative reactions. They are such good antioxidants that are often added to various foods as a natural antioxidant. Catechins are present in several foods, green tea being one of the best sources: 30% of the weight of the leaf, when dry, is made up of catechins. To a lesser extent, they are also present in cocoa, broad beans, apples and black grapes. Catechins can reduce weight and body fat. This is explained by the fact that catechins act on the sympathetic nervous system, contributing to an increment of the energy needed to perform a particular activity, thus positively altering the body’s energy expenditure. This mechanism is still under investigation because studies that reached this conclusion are mostly animal-based. Studies in humans are not that conclusive. Nonetheless, having positive results in animals gives a good indication. On the other hand, there is an interesting outcome from the human studies: comparing the same doses of green tea consumed, Asian people showed a higher decrease in weight and body fat compared to Caucasian people, so race also might influence the effect of catechins. The effects of weight and body fat reduction are potentiated by caffeine consumption. As green tea contains considerable amounts of caffeine (a cup of green tea has 75 mg of catechins and 35 mg of caffeine, on average), this commodity provides a potentiated effect of weight and body fat reduction compared to others that contain just catechins. Of course, this does not mean we should drink green tea excessively since we do not want to stay awake because of its caffeine. Also, catechins inhibit two critical enzymes for carbohydrate digestion: α-amylase and α-amyloglucosidase, leading ingested carbohydrates to absorb less sugar, contributing to body weight regulation. This effect is shown in vitro and animal and human studies. In addition, catechins affect fat metabolism, another mechanism for body weight and body fat decrease. In animal studies, catechins are reported to stimulate lipolysis of peripheral adipose tissues. However, human studies are not that conclusive. So, the research is still in progress. In addition, catechins have other beneficial effects. It is reported in animal studies that catechins can prevent malignant tumours in the skin, lungs, oesophagus, stomach, liver, colon and prostate. Due to the ability of catechins to bind proteins that, if free in the body, will promote excessive cell growth, which is a prerequisite for the development of tumours. As catechins are mainly consumed in green tea, it is essential to know how to prepare it and extract as much as possible from its leaves. Catechins are best extracted in acidic and neutral media, so making our tea cup with pure or slightly acidified water (for example, with some lemon juice) is a good option. Catechins are destroyed in alkaline media. Therefore, a higher concentration is obtained when infused in pure water, contrary to if infused in water with a high concentration of salts. As for the temperature, the hotter the water, the more catechins will be extracted, reaching a peak of extraction at 80 °C. At higher temperatures, undesired compounds will be formed. The extraction of catechins depends on the temperature of the water used, and there is no point in increasing the temperature above 80 °C (Figure 2). Figure 2. Effect of the water temperature in the catechins extraction. (Voung et al., 2011) For all these reasons, a toast with green tea never hurts! It is known that there are many types of tea. The best-known are green and black tea. Both come from the same species: Camellia sinensis . Green tea is made of intact leaves, so its catechins are not diminished. To make black tea, the leaves are crushed, which promotes the oxidation of catechins, thus their degradation, forming dark compounds. So, green tea and black tea come from the same plant, with black tea resulting from the oxidation of green tea catechins. Therefore, black tea is lower in catechins compared to green tea (Figure 1). A similar case is seen in apples based on the same principle. If this fruit receives a punch, the polyphenol oxidase enzyme inside it is released, which leads to the oxidation of its phenolic compounds, forming new dark compounds. This shows that nature works with similar patterns for apparently different foods! Catechins give green tea many of its beneficial properties, which, as they are present in more significant amounts than in black tea, make green tea a healthier beverage. Catechins are among nature’s most potent antioxidants. They have the highest bioactivity in green tea, with proven in vivo effects. Catechins trap different free radicals in the body. Thus they prevent undesirable oxidation reactions from occurring. They can also trap toxic metals within the body, which, if free, will catalyze harmful oxidative reactions. They are such good antioxidants that are often added to various foods as a natural antioxidant. Catechins are present in several foods, green tea being one of the best sources: 30% of the weight of the leaf, when dry, is made up of catechins. To a lesser extent, they are also present in cocoa, broad beans, apples and black grapes. Also, catechins inhibit two critical enzymes for carbohydrate digestion: α-amylase and α-amyloglucosidase, leading ingested carbohydrates to absorb less sugar, contributing to body weight regulation. This effect is shown and animal and human studies. In addition, catechins affect fat metabolism, another mechanism for body weight and body fat decrease. In animal studies, catechins are reported to stimulate lipolysis of peripheral adipose tissues. However, human studies are not that conclusive. So, the research is still in progress. Ananingsih, V.; Sharma, A.; Zhou, W. (2013). Green tea catechins during food processing and storage: A review on stability and detection. Food Research International, 50(2), 469–479. doi:10.1016/j.foodres.2011.03.004 Botten, D.; Fugallo, G.; Fraternali, F.; Molteni, C. (2015). Structural Properties of Green Tea Catechins. The Journal of Physical Chemistry B, (), 150914222808001–. doi:10.1021/acs.jpcb.5b08737 Gadkari, P.; Balaraman, M. (2015). Catechins: Sources, extraction and encapsulation: A review. Food and Bioproducts Processing, 93(), 122–138. doi:10.1016/j.fbp.2013.12.004 Khokhar, S., Magnusdottir, S., 2002. Total phenol, catechin, andcaffeine contents of teas commonly consumed in the UnitedKingdom. J. Agric. Food Chem. 50, 565–570 Rains, T.; Agarwal, S.; Maki, K. (2011). Antiobesity effects of green tea catechins: a mechanistic review. , 22(1), 1–7. doi:10.1016/j.jnutbio.2010.06.006 Vuong, Q.; Golding, J.; Stathopoulos, C.; Nguyen, M.; Roach, P. (2011). Optimizing conditions for the extraction of catechins from green tea using hot water. , 34(21), 3099–3106. doi:10.1002/jssc.201000863 https://www.teainstitute.cl/2020/05/12/historia-del-te-como-nacio-el-consumo-de-te-en-europa-y-america/ black tea catechins green tea"
https://wikifarmer.com/marine-animals-and-plants-as-omega-3-fatty-acids-sources/,10/19/2023 20:04,"What are omega-3 fats? How do omega-3 fatty acids work? Which dietary sources are high in omega-3? Omega-3 fatty acids and benefits during pregnancy and breastfeeding Omega-3 fatty acids for cardiovascular health Omega-3 fatty acids for brain and mental health Other benefits Which vegetables are high in omega-3? What is the recommended daily dose? This post is also available in: Español (Spanish) Deutsch (German) Ελληνικά (Greek) Fats have had a bad reputation because it has been said that excessive consumption of fats leads to higher blood cholesterol and increased risk of heart disease. However, this must be interpreted carefully, as there are different types of fats, which will have different effects on human health. Indeed, the consumption of saturated and trans fats increases the risk of those harmful conditions. But there is another type of fat, unsaturated fats, and within this group, omega-3 fats, which have multiple beneficial attributes, including the opposite effect caused by saturated and trans fats: maintaining good cardiovascular health. The first indications of the benefits of omega-3 fatty acids were reported in the 1970s in Greenland. The diets of Danish and Greenlandic people living in Greenland were compared. While the Danes had a Western diet, rich in saturated fatty acids from animal sources such as beef and milk, the Greenlanders consumed local marine food, such as seaweed, fatty fish and whale and seal meat, rich in omega-3 fatty acids. The Greenlanders were found to be less likely to suffer from heart disease. This led the scientists to realize that different types of fat have different effects on the body, so the research was directed to investigate these effects further. It is a family of polyunsaturated fats. The main omega-3 fatty acids are: The most studied omega-3 fatty acids are EPA and DHA. They come mainly from fish (or marine microalgae) and sometimes are called marine omega-3s. Once ingested, they are rapidly metabolized and have a pronounced anti-inflammatory action by generating anti-inflammatory compounds and blocking the formation of inflammatory compounds. Therefore, EPA and DHA prevent diseases in which inflammation plays a role. EPA and DHA are required for the proper development of the embryo, fetus and baby during their first months, being particularly important for cognitive and vision development, since these fatty acids are in large quantities in brain and photoreceptor cells. It has been reported that the higher the concentration of DHA in the blood of infants, the better their vision and touch-vision coordination, as evidenced by the consumption of DHA by mothers during pregnancy and lactation. Likewise, it was observed that in monkeys that did not receive an adequate supply of omega-3 fatty acids during pregnancy and lactation, the subsequent consumption of EPA and DHA did not improve their vision or their cognitive development. In other words, it is suggested that this benefit of EPA and DHA occurs only when the individual is under development and that, during those stages, deficiency of EPA and DHA deficiency brings irreversible consequences. Therefore, consuming omega-3 fatty acids in pregnant and lactating mothers is highly recommended. Omega-3 fatty acids are crucial for cardiovascular health. Their consumption decreases the total fat content in blood, both in patients with high and normal blood fat content. Likewise, consuming EPA and DHA has an anti-inflammatory effect, key to preventing atherosclerosis, which is the accumulation of plaque inside the arteries. These fatty acids also regulate blood pressure and prevent arrhythmias, which are alterations in the regular heart rhythm. This is explained because EPA and DHA can bind to cardiac cells, thus preventing harmful pro-inflammatory molecules from binding to them. The consumption of omega-3 fatty acids is essential for mental health. It has been reported in multiple studies that low levels of DHA in the blood are related to schizophrenia, attention deficit disorder, dyslexia, depression, Alzheimer’s disease and bipolar disorder. This is explained by the fact that the brain is an organ that is composed of large amounts of fat compared to other organs, so the fat that composes it should have healthy and anti-inflammatory effects, like omega-3 fatty acids have. Other benefits associated with omega-3 fatty acids consumption show that they may reduce arthritis and diabetes. In addition, omega-3 fatty acids can prevent the risk of colon, pancreatic and breast cancer. Lastly, research showed that a higher dietary intake of omega-3’s is associated with a decrease incidence of dry eye disease in women. The best dietary sources of EPA and DHA are marine sources, particularly fatty fish such as horse mackerel, sardines, anchovies, tuna and salmon (Figure 1). These fish do not produce EPA and DHA by themselves but obtain it by consuming algae and phytoplankton, the primary sources of EPA and DHA on the planet. Hence, the consumption of algae is also highly recommended. Figure 1. EPA and DHA content in various fish oils (Adapted from Abbas et al., 2009). Additionally, the amount of total omega 3’s including in some marine sources is presented in Table 1, below: Table 1. Total omega 3 fatty acids content in some marine sources. (Food Data Central, USDA & Harvard) As for vegetable sources, the best-known omega-3 fatty acid is alpha-linolenic acid (ALA). It is present in significant amounts just in a few vegetable sources: soybean, flaxseed, chia and canola, and in oils derived from them; it is also found in walnuts. Other minor sources are dark leafy greens, kidney beans and edamame. This fatty acid is essential, that is, it needs to be consumed because humans cannot produce it by themselves. ALA is very well absorbed by the body (96% of the consumed ALA is absorbed), where it will have multiple destinations: to be part of the adipose tissue, to provide energy, to be transformed into the beneficial omega 9 fatty acids, and the most important: to be transformed into the widely studied and previously detailed EPA and DHA. Omega-3’s and its (undesired) interaction with omega-6’s However, the transformation of ALA to EPA and DHA is affected by the consumption of omega-6 fatty acids, such as linoleic acid. For humans, only two fatty acids are essential: ALA and linoleic acid. Linoleic acid also has important functions in the body, but when consumed in large amounts it produces pro-inflammatory metabolites that in the long term will cause cardiovascular disease, osteoporosis and certain types of cancer. In most plant sources, linoleic acid far outweighs ALA (Table 2), so in modern Western diets the ratio of omega-6/omega-3 fatty acid intake is grossly imbalanced in favor of omega-6, which may explain the origin of many conditions and diseases. Also, when linoleic acid is consumed, it will require the same enzymes that ALA requires for its metabolism, so there will be competition between linoleic acid and ALA for these enzymes. Thus, with a much higher intake of linoleic acid, the metabolism will be in favor of the latter, generating harmful pro-inflammatory metabolites and not producing healthy EPA and DHA. Therefore, it is recommended to increase the consumption of seafood, rich in EPA and DHA, and to decrease the excessive consumption of omega-6 fatty acids, which are also important, but whose unbalanced consumption is the cause of several health problems. (omega 6) (%) Table 2. Comparison of linoleic acid (omega 6) and α-linolenic acid (omega 3) content in various vegetable oils, expressed as % of fatty acid with respect to total fatty acids. (Yildiz et al., 2010). It could be recommended to consume more ALA, in addition to EPA and DHA. However, this solution is partial, since the conversion of ALA to EPA and DHA is very poor: of the total ALA consumed, just 5% is converted to EPA and less than 1% is converted to DHA. Therefore, the best solution is not to consume foods rich in ALA, i.e. not to consume the precursor of EPA and DHA, but to consume foods rich in EPA and DHA directly. So, let’s increase the consumption of fish and algae in our diet! The American Heart Association suggests eating fish, or other seafood (170-230gr) at least twice a week as part of a healthy diet (for people with no coronary disease). This provides an average consumption of EPA and DHA of 250mg per day. Other institutes and health professionals recommend taking 250-1000 mg per day. The Global Organization for EPA and DHA Omega-3s reported that the recommended intakes of EPA and DHA differ among the countries. For example, the daily intake recommendation in Russia is 1300mg, and in France and Norway is 450mg. In most European countries, the recommendation intake is 250mg. In other countries, such as New Zealand and Australia is even lower, at 160mg. For people following a plant-based diet, the adequate intake is 1,600mg for males and 1,1100mg for females, according to the National Institute of Health (USA). marine sources omega-3"
https://wikifarmer.com/category/food-science/food-waste/,10/19/2023 20:04,"Food waste From Field to Fork: Strategies for Reducing Food Waste Oyster Mushroom Cultivation using Oil Palm Empty Fruit Bunches Fibre Bio-composting by using agricultural by-products Using Food Waste to make a difference – How to reduce and reuse Food Waste What is Food Waste? Food waste is an umbrella term encompassing edible items dismissed due to inadequate storage, decay, or expiration [1]. It represents a massive global challenge – with […] How to make wealth from waste At least 350 species of fungi are edible, and the global market for edible mushrooms is estimated to be worth USD 42 billion per […] What is bio-composting? Bio-composting is an environmentally friendly method that harnesses the natural process of decomposition to recycle organic waste materials and produce nutrient-rich compost. Agricultural by-products, such as crop […] According to the NRDC, more than 40% of food grown in the U.S. is wasted. Globally, that figure is more than 33%. And it’s a sobering thought to consider that all […]"
https://wikifarmer.com/functional-foods-what-does-the-term-functional-food-mean/,10/19/2023 20:04,"Functional vs Conventional Foods Do Functional Foods Cure Diseases? The history of human beings has always been connected to food, as it provides us with energy and nutrients, vital elements for our growth. With the development of agriculture, i.e., the mastery of obtaining cultivated food from the same place without the need to search for it as nomads did, the human population grew exponentially. Thus, the development of agriculture solved the first problem of humans concerning obtaining food. Current times are different. Having food easily accessible helped the world’s population increase. Also, life expectancy increased dramatically, which continues to grow even to this day. Thus, in 2015, the world average life expectancy was 71.4 years, and today, more than 30 countries exceed 80 years of life expectancy. Another evident change was the population transition from rural to urban areas. In cities, jobs demand less physical activity, and the pace of life is faster, leading to an increasingly sedentary lifestyle. Also, there is an increase in the consumption of fast food designed merely to satisfy their craving desire. These two factors have contributed to the rise of various non-communicable conditions, like hypercholesterolemia, dangerously high cholesterol concentrations in the blood, type 2 diabetes, obesity, and certain types of cancer, like breast, liver, and colon cancer. So, with the development of civilization, new problems appeared. To this, the population has expressed its concern. People want to live until old age, but with a good quality of life, without any diseases that might occur. They also want to avoid the high costs of invasive health treatments to cure such conditions. For this, food technologists, experts who develop new food products, decided to contribute with their knowledge to solve this situation. They know that specific components and ingredients in food have exciting health properties, so they developed a new type of food: functional foods. First, it is necessary to define a functional food and what differentiates it from conventional foods. Currently, many foods claim to have functional properties, but this is not the case at all. Let’s start with conventional foods, the ones we have always known: they contain components such as carbohydrates, proteins, and fats, which serve the vital function of providing us the energy to carry out all our daily activities. They are necessary, compulsory, for our existence. Without these nutrients, we could not live. On the other hand, functional foods have something extra when consumed at normal levels, i.e., as part of a balanced diet. In the amounts we would consume any other similar food, they provide positive effects on our physical and mental health. They can prevent the development of certain health disorders. This definition of functional foods is the most concise that has been found in the literature, as there is currently no standardized worldwide definition. The development of functional foods is challenging for food technologists for several reasons. Firstly, although there is no standardized definition, their regulation depends on each country or group of countries. For example, in the European Union, for food to be considered functional, that must be validated by the European Food Safety Authority (EFSA). The Food and Drug Administration (FDA) and the Brazilian Health Regulatory Agency validate functional food for the United States and Brazil. These entities validate the clinical and human studies that prove that specific components of these foods, when consumed regularly and in usual amounts, can prevent a particular condition or positively affect health. For this purpose, experts must do more than in vitro or animal studies. They must carry out studies on humans in compliance with all ethical codes. Therefore, a food company that wishes to claim that its food is functional must invest an enormous budget in research. Another problem in developing such functional foods is that functional compounds are generally poorly absorbed by the organism. Therefore, food technologists are looking for innovative techniques to increase the bioavailability of these compounds. Such techniques are microencapsulation, emulsion, or micellarisation. It is also worth mentioning the limits of functional foods: they are not medicines, i.e., they do not cure diseases. Their mode of action lies in preventing conditions that can lead to disease. Therefore, they do not need to be prescribed by doctors and are freely available to consumers. It is also worth clarifying the mentioned above: “the amounts we would consume any other similar food,” which means that if, for example, a yogurt claims to have functional properties related to lowering blood cholesterol, this effect should be noticeable when consuming the same amount of yogurt that we would regularly consume, not having to eat 15 kg of yogurt a day for this beneficial effect to be noticeable. Also, functional foods are not miraculous. Human genetics play a fundamental role in developing adverse health conditions. Consuming functional foods can only contribute partially to lowering the risk of such diseases, as it is only one of the many prevention factors. Consumers must integrate functional foods into a healthy lifestyle that includes exercise, adequate sleep, avoidance of stress, and avoidance of smoking and alcohol. Finally, functional foods owe their properties to compounds present naturally or added during processing, which will benefit our health in specific systems, such as the digestive or cardiovascular. Examples are prebiotics, probiotics, polyunsaturated fatty acids, dietary fiber, and antioxidants (we will discuss them in future articles). And with that, welcome to the functional foods section of Wikifarmer! Thanks for reading! If you want to learn more please read the articles regarding Catechins in Tea or the Health Benefits of Oats To this, the population has expressed its concern. People want to live until old age, but with a good quality of life, without any diseases that might occur. They also want to avoid the high costs of invasive health treatments to cure such conditions. For this, food technologists, experts who develop new food products, decided to contribute with their knowledge to solve this situation. They know that First, it is necessary to define a functional food and what differentiates it from . Currently, many foods claim to have functional properties, but this is not the case at all. Let’s start with conventional foods, the ones we have always known: they contain components such as carbohydrates, proteins, and fats, which to carry out all our daily activities. They are necessary, compulsory, for our existence. Without these nutrients, we could not live. On the other hand, when consumed at normal levels, i.e., as part of a balanced diet. In the amounts we would consume any other similar food, they . This definition of functional foods is the most concise that has been found in the literature, as there is currently no standardized worldwide definition. The development of functional foods is challenging for food technologists for several reasons. Firstly, although there is no standardized definition, their regulation depends on each country or group of countries. For example, in the European Union, for food to be considered functional, that must be validated by the European Food Safety Authority (EFSA). The Food and Drug Administration (FDA) and the Brazilian Health Regulatory Agency validate functional food for the United States and Brazil. These entities validate the . For this purpose, experts must do more than in vitro or animal studies. They must carry out studies on humans in compliance with all ethical codes. Therefore, a food company that wishes to claim that its food is functional must invest an enormous budget in research. Another problem in developing such functional foods is that . Therefore, food technologists are looking for innovative techniques to increase the bioavailability of these compounds. Such techniques are microencapsulation, emulsion, or micellarisation. It is also worth mentioning the limits of functional foods: . Therefore, they do not need to be prescribed by doctors and are freely available to consumers. It is also worth clarifying the mentioned above: “the amounts we would consume any other similar food,” which means that if, for example, a yogurt claims to have functional properties related to lowering blood cholesterol, this effect should be noticeable when consuming the same amount of yogurt that we would regularly consume, not having to eat 15 kg of yogurt a day for this beneficial effect to be noticeable. Also, functional foods are not miraculous. Human genetics play a fundamental role in developing adverse health conditions. C Finally, in specific systems, such as the digestive or cardiovascular. Examples are (we will discuss them in future articles). Bigliardi, Barbara; Galati, Francesco (2013). Innovation trends in the food industry: The case of functional foods. Trends in Food Science & Technology, 31(2), 118–129. doi:10.1016/j.tifs.2013.03.006 Granato, D.; Barba, F.; Bursac, D.; Lorenzo, J.; Cruz, A.; Putnik, P. (2020). Functional foods: product development, technological trends, efficacy testing and safety. Annual Review of Food Science and Technology, 11(3), 3-26. https://doi.org/10.1146/annurev-food-032519-051708 Wildman, R.; Bruno, R. (2019). Handbook of nutraceuticals and functional foods. Third edition. CRC Press, Taylor & Francis Group. compounds conventional foods"
https://wikifarmer.com/category/food-science/nutrition/functional-foods/,10/19/2023 20:04,"Functional Foods Marine animals and plants as omega 3 fatty acids sources Functional Foods – What does the term functional food mean? Fats have had a bad reputation because it has been said that excessive consumption of fats leads to higher blood cholesterol and increased risk of heart disease. However, this must […] The history of human beings has always been connected to food, as it provides us with energy and nutrients, vital elements for our growth. With the development of agriculture, i.e., […]"
https://wikifarmer.com/is-cultivated-meat-healthy-and-can-vegans-it/,10/19/2023 20:04,"Cultivated meat benefits Cultivated meat challenges Cell-cultivated meat is a new and innovative way of producing meat products that could revolutionize the food industry. To feed a rising population in a safe and sustainable manner, we will need to utilize a number of novel and developing protein production technologies, alongside conventional farming. One of the main benefits of cell-cultivated meat is its potential health benefits. The production of cell-cultivated meat allows for a controlled environment to create a meat product with specific nutritional values. For example, the fat content can be reduced, and the protein content increased, resulting in a premium meat product. Additionally, the production process does not require the use of antibiotics, hormones, or other additives, which are commonly used in traditional meat production and can have negative health effects. It can also reduce the risk of disease outbreaks and other disruptions to the food supply chain. Another possible health benefit from cell-cultivated meat is the addition of omega-3 fatty acids. They are a type of polyunsaturated fat that are essential to human health. They play a crucial role in brain function and development, as well as reducing inflammation and supporting heart health. While omega-3s are commonly found in fatty fish such as salmon and sardines, they are not naturally found in significant amounts in beef, pork, or chicken. However, cell-cultivated meat offers the potential to incorporate omega-3 fatty acids into meat products. Or even increasing those of cell-cultivated fish products. By using specialized cell lines, scientists can modify the composition of cell-cultivated meat to include higher levels of omega-3 fatty acids. This could provide a healthier alternative to traditional meat products, typically high in saturated fats and low in omega-3s. There are several ways that cell-cultivated meat can be modified to increase its omega-3 content. One approach is to supplement the growth media used to culture the cells with omega-3-rich algae or other sources of the nutrient. Another method is to genetically modify the cells themselves to produce higher levels of omega-3s. While the potential benefits of incorporating omega-3s into cell-cultivated meat are significant, there are also challenges to overcome. For example, there are technical challenges associated with modifying cell lines to produce higher levels of omega-3s, as well as regulatory challenges related to the safety and labeling of these products. Can Vegans eat it? Despite the potential health benefits of cell-cultivated meat, it is not considered a vegan product, as it is derived from animal cells. However, some vegans and vegetarians may be open to consuming cell-cultivated meat as an alternative to traditional meat, based on ethical and environmental concerns. However, there are still many unknowns regarding the long-term health effects of cell-cultivated meat. As it is a relatively new technology, much research must be done to determine its nutritional content and potential health risks associated with its consumption. Israeli company, Steakholder Foods analyzed its cultivated muscle cells and demonstrated the same amino acid profile as found in beef. As with any new food product, caution should be exercised until further research has been conducted. Additionally, there are concerns about the cost and scalability of cell-cultivated meat production. Currently, the cost of production is still high compared to traditional meat, and it may take time for the technology to become affordable and accessible to consumers. For those considering consuming cell-cultivated meat, it is important to note that it is still a relatively new technology and may not be readily available in many regions. In conclusion, cell-cultivated meat has the potential to be a healthier and more sustainable alternative alongside traditional meat production. While it is not considered a vegan product, some vegans and vegetarians may be open to consuming it based on ethical and environmental concerns. Ultimately, it is up to each individual to decide whether or not they wish to consume cell-cultivated meat based on their personal beliefs and values."
https://wikifarmer.com/plant-based-foods-in-the-spotlight-unveiling-how-the-new-generation-of-plant-based-foods-is-made/,10/19/2023 20:04,"The new generation of plant-based foods is vast and quite realistic. Have you ever wondered how is it possible to mimic eggs or meat without using any ingredients from animals? Let’s uncover how the food industry is making this possible. Plant-based foods are alternatives to animal-based foods such as meat, fish, eggs, and dairy products (e.g. milk, yogurt, and cheese). These products are often made from cereals/pseudocereals (e.g. wheat, barley, rice, oats, and quinoa), legumes (e.g. beans, peas, soybeans, faba beans, and lentils), and seeds/nuts (e.g. hemp seeds, rapeseed, and peanuts). Plant-based foods are not that new since traditional products like tofu (from soybeans) and seitan (from gluten) have been part of the Asian diet for centuries. These traditional products are made from whole grains or less processed ingredients but do not resemble the taste or appearance of animal-based foods. In the past, only vegetarians and vegans used to consume traditional plant-based foods. But, today this has changed. More consumers are also willing to adopt a plant-based diet due to environmental, health, and animal welfare reasons. Currently, it is estimated that approximately 34% of the total global greenhouse gas (GHG) emissions come from the production of food, contributing to climate change. In the food system, the production of livestock leads to more GHG emissions, land and water use, and deforestation than cultivating crops for direct consumption. The consumer’s willingness to eat more plant-based foods has been a driving force for the food industry to change towards plant-based options. This has motivated the search for more sustainable food solutions, such as using ingredients from plants and processes that are less harsh to the environment. Yet, pleasing consumers who still eat animal-based foods is not an easy task because they want alternatives that are similar in taste and appearance to the animal ones. Achieving this is quite challenging since plant and animal ingredients have different characteristics, properties, and nutritional compositions. This challenge has pushed food scientists and manufacturers to innovate and develop new plant-based products and, thus, to improve existing technologies or create new ones. These products are known as the new generation of plant-based foods aiming to mimic the taste, texture, and sensation of eating animal-based products. A few examples of these products are burgers, sausages, chicken strips, bacon, minced meat, eggs, cheese, and, yogurt. The selection of ingredients and food processes to make the new generation of plant-based foods will vary according to desired characteristics like texture, flavor, and nutritional composition. Generally, there are three major steps needed to turn crops into plant-based foods: Plant-derived ingredients The first step is to select the crops and how to process them into valuable ingredients. This means using a crop as a whole or processing it to separate undesired components. For instance, to develop a product rich in proteins, legumes are often preferred due to their high protein content. For this reason, there are methods to extract the proteins from the legumes, thus removing/reducing other components. The outcome is a range of protein-rich ingredients: protein flour (< 60%), concentrate (60-80%), or isolate (>88%). The protein content will vary according to the extraction method. The selection of crops is often based on functionality, cost, availability, and sustainability. Other ingredients For functionality and sensorial purposes other ingredients are used to compose a final food product. In this case, additives are also used to improve texture, taste, aroma, appearance, safety, and shelf life. These additives are extracted from plants or synthesized. But, the current trend is to use more natural ingredients to meet consumers’ demands. A few examples of other ingredients used in plant-based foods are: • Fat and oils: used to enhance flavor or texture. Examples of fats and oils used are sunflower, canola, corn, and soy oil. • Biding agents and thickeners: it binds to water and fat and is important for the texture of the product, such as plant proteins, gums, or fibers. • Flavors and taste enhancers: used to mimic the aroma and taste of animal-based foods. Also used to mask undesirable tastes present in plant-derived ingredients. It can be natural additives like herbs and seasoning and yeast extracts. • Color agents: in products like meat color is an important attribute for consumers. One example of a natural additive used to mimic the reddish color of meat is beetroot extract. Another example is the use of curcumin or carotenoids to mimic the yellowish color of eggs. • Micronutrients (vitamins and minerals): vitamins and minerals are often added to improve the nutritional composition of plant-based foods. For instance, calcium and vitamin D are added to plant-based milk to simulate the nutritional composition of cows’ milk. After the selection of ingredients, the next step is to choose the food processes needed to get to the desired sensorial properties and quality. Food processing Usually, the food industry applies mechanical forces and/or thermal treatments to make plant-based foods. Here are a few examples of processes used: • Homogenization: used to mix immiscible liquids like oil and water into an emulsion or to improve the stability and mouthfeel of the product. It is usually applied to make plant-based milk. • Filtration: uses membranes to separate and concentrate particles based on their dimensions. Can be used to reduce undesirable components, such as antinutrients, or to concentrate plant-based milk for the production of yogurt. • Extrusion: the most common process applied to make structures like in meat products. Is a process that involves mixing, heating, and structuring plant proteins to turn them into fibrous structures. Extrusion can also improve the nutritional quality of plant protein-rich products. • Shear-cell: is a batch process that applies high temperatures and mechanical forces, like extrusion, resulting in fibrous structures. Shear-cell helps create meat analogues like whole cuts. • 3D printing: is a process that makes structures and shapes based on a template by assembling layer upon layer of material at a specific location. • Fermentation: a process that changes the properties of the food by the activity of microorganisms (i.e, yeast, bacteria, fungi). Fermentation can create new flavors or remove undesirable ones, and reduce antinutrients. By this, it is possible to improve the sensorial and nutritional quality of the food. This process is used to make yogurt and cheese alternatives. By matching the right combination of ingredients and processes, is possible to turn plant-derived ingredients into more attractive and sustainable foods. Despite all the progress, the taste and health attributes of plant-based foods are still debatable. Thus, is indisputable that the large variety of products available in the market is helping consumers transition towards a more plant-based diet. plant-based foods"
https://wikifarmer.com/cell-cultivated-meat-advantages-and-challenges-ahead/,10/19/2023 20:04,"Advantages to consider Challenges ahead Cell-cultivated meat has several advantages, making it an attractive alternative to conventional meat. These include: Even though there are plenty of advantages, there are also several liabilities or challenges that need to be resolved before cell-cultivated meat can become a viable alternative choice alongside traditional meat. These include: In conclusion, while cell-cultivated meat offers several advantages over traditional meat, there are also several challenges that need to be resolved before it can become a widely accepted and accessible alternative. Ongoing research and development, as well as regulatory oversight and consumer education, will be necessary to address these challenges and bring cell-cultivated meat to market. Environmental Sustainability: Cell-cultivated meat has the potential to reduce the environmental impact of meat production significantly. It requires fewer resources, emits fewer greenhouse gases, and has a lower impact on biodiversity than traditional animal farming. Lack of protein: To feed the rising population in a safe and sustainable manner, we will need to utilize a number of novels and developing protein production technologies, alongside conventional farming. With cell-cultivated meat, you can achieve higher protein yields and at the same time select ingredients with the least environmental impact. Health: Cell-cultivated meat has the potential to be a healthier alternative to traditional meat, as it can be produced without the use of antibiotics, hormones, or other additives. Food Security: Cell-cultivated meat offers a more secure food supply, as it can be produced in a controlled environment, reducing the risk of disease outbreaks and other disruptions to the food supply chain. Cornucopia of options: While the primary focus of cell-cultivated meat research has been on producing beef, poultry, and pork, there is also interest in using the technology to produce meat from exotic or endangered species, such as rhinoceros or bluefin tuna. This offers a potential solution to the problem of unsustainable hunting or fishing practices. Technical Challenges: Producing cell-cultivated meat requires significant technical expertise and resources. Achieving the right texture, flavor, and nutritional profile can be challenging, and the process must be scaled up to meet demand. So far, unstructured cuts of meat like nuggets and patties have successfully been created. However, creating a juicy tomahawk steak can be a few years away. Cost: The cost of producing cell-cultivated meat is still relatively high compared to traditional meat. As technology advances and production scales up, the cost is expected to decrease, but it may still be some time before it becomes affordable to consumers. Creating an ecosystem of collaborations between start-ups, investors, and corporates will successfully drive costs down. Regulatory Challenges: Cell-cultivated meat must meet the same safety standards as traditional meat and be approved by regulatory agencies such as the FDA and USDA. Additionally, consumers must be able to distinguish between cell-cultivated meat and traditional meat through clear and accurate labelling. Consumer Acceptance: Cell-cultivated meat is a relatively new concept and may not be widely accepted by consumers, particularly those concerned about alternative proteins’ safety and quality. Once the regulatory challenges will be alleviated, studies have already showcased that consumers will be more motivated to include cell-cultivated meat in their diet. cell cultivated meat meat cultivation advantages meat cultivation challenges"
https://wikifarmer.com/antinutrients-in-plant-based-foods-are-they-good-or-bad-for-our-health/,10/19/2023 20:04,"This post is also available in: Français (French) Deutsch (German) Nederlands (Dutch) हिन्दी (Hindi) العربية (Arabic) Türkçe (Turkish) Ελληνικά (Greek) Português (Portuguese (Brazil)) polski (Polish) Before answering this question, let me introduce the concept of antinutrients. Antinutrients are components present in all edible crops, such as legumes and cereals, for example, beans, peas, soybeans, fava beans, lentils, chickpeas, oat, rice, quinoa, and wheat. Antinutrients are present in plants as a defense mechanism against predators, and their concentrations can vary according to the cultivar and growing conditions. From a nutritional point of view, antinutrients can be bad for our health because they reduce our ability to digest and absorb other essential nutrients like proteins, starch, minerals, and vitamins. Now, let’s learn a bit more about some antinutrients and their effects on our health. Inhibitors of digestive enzymes: reduce the digestion of proteins and starch. Present in soybeans, fava beans, peas, beans in general, oat and chickpeas. Phytate: reduce the absorption of iron, zinc, calcium, and copper. Most are present in beans, lentils, peas, soybeans, rice, and wheat. Tannins: a phenolic compound known to cause bitterness when present in high amounts in foods. Tannins can reduce the absorption of iron and the digestion of proteins. Some of the main sources are beans, peas, and chickpeas. Saponin: reduce the absorption of vitamins and the digestion of proteins. The main sources are quinoa, wheat, and beans. Lectins: can bind to carbohydrates in the red blood cells increasing the risk of blood clots. They can also cause nausea, diarrhoea, vomiting, and bloating. Present especially in beans and peas. Vicine and convicine: present in faba beans can cause acute hemolytic anaemia, also known as favism, but only in individuals with the genetic deficiency of the enzyme glucose-6-phosphate dehydrogenase that is essential for the survival of red blood cells. Oxalates: reduce the absorption of minerals, especially calcium, and can increase the risk of renal stones and mineral deficiency. Considering the negative effects of these components, consumers may worry about buying plant-based products made from legumes or cereals as they are quite popular nowadays. But this should not be a concern, since processed plant-based foods have reduced amounts of antinutrients. The reason behind this is that the food industry applies strategies to reduce/remove antinutrients from plant sources such as fermentation, extrusion, microwaving, and autoclaving. You can also reduce the amounts of these components at home by soaking the legumes, for instance, in water followed by cooking. The science behind these strategies is that some of the antinutrients are soluble in water, thus, being washed away after soaking. Besides, antinutrients are also destroyed during heating processes such as boiling or cooking. Besides the negative effects that antinutrients might impose on our health, recent research is proving the opposite. Some of the antinutrients are associated with anticarcinogenic, antioxidant, anti-inflammatory, and antimicrobial effects. So far, studies about their health effects are limited, especially on humans. So, we must interpret these findings with a critical mind. The definition of good or bad will depend on how much antinutrients are present in the diet. As Paracelsus would say, “the dose makes the poison”. Moreover, it will also depend on how diverse and rich-nutrient the diet is. In strict diets, such as vegan, is even more important to apply strategies to reduce the antinutrients to avoid nutrient deficiency. In a balanced diet where most legumes and cereals are eaten cooked, antinutrients should not be perceived as a threat. Nederlands (Dutch) Nederlands (Dutch) anti-nutrients fava plants soybean"
https://wikifarmer.com/edible-bamboo-shoot-farming-a-future-health-food/,10/19/2023 20:04,"Bamboo shoot, Harvesting, and Processing Bamboo Shoot Morphology Harvesting and Processing of Edible Bamboo Shoots With the growing health consciousness among the general population, there is a pressing need to adopt a nutritionally balanced diet that can provide health benefits while accommodating individual preferences for convenience, cost, and taste. Bamboo shoots have the potential to be an excellent health food due to their high nutritional value and abundance of bioactive compounds, reducing the risk of chronic lifestyle-related diseases. Shoots are traditional cuisine in numerous regions worldwide, consumed in various forms (Chongtham & Bisht, 2020). Bamboo, once an overlooked crop, is now becoming one of the most important non-timber forest products (NTFPs) species globally, with the potential to enhance the livelihood security of both rural and urban areas. With strong ties to indigenous culture, it can be an exceptional economic resource for a broad range of applications (Abebe et al., 2022). It is one of the fastest-growing plants since its growth rate is three times faster than most other species of plants. Bamboo is an exceedingly versatile and renewable resource. It possesses numerous attractive features, such as compatibility with growth on marginal lands, high drought tolerance, rapid growth rates, and low input requirements, making it ideal for multi-purpose usage. Bamboo’s rapid growth rate provides ample opportunities to expand bioproduction, making it possible to take advantage of economies of scale (Ekwe et al., 2023). Human civilizations worldwide utilize nearly every part of the bamboo plant, making it a valuable natural resource with multiple applications. Bamboo shoots are the new emerging culm arising from a network of rhizomes during the sprouting season, mostly during monsoon season, and generally, 20-30 cm long, tapering at one end covered with thick sheaths of leaves. The shoots emerge from the ground in full diameter and contain nodes and internodes in a vertically miniaturized form tightly clasped with overlapping sheaths. The shooting season of a species may rarely exceed 2 months which can also be extended by modifying the cultivation and management practices. Shoots of different species vary in shape, size, weight, and diameter. Bamboo shoots typically weigh over 1 kg at the time of harvest. However, their size and weight vary depending significantly on the species and factors such as field location, depth, pH and nutrition, irrigation and drainage conditions, climate, rainfall, temperature, and soil type and fertility. The shoots can be conical, cylindrical, spear or bullet-shaped, and small, medium, or large in size. A large-sized shoot with a basal diameter ranging from 37 cm to 48 cm was often found in the bamboo species viz. Dendrocalamus giganteus, D. latiflorus and D. sikkimensis. The shoots of some species are small and sweet in taste (Phyllostachys edulis, Chimonobambusa callosa, Melocanna baccifera), whereas some are bitter (D. hamiltonii, Bambusa tulda) (Chongtham & Bisht, 2020). The bamboo shoot has been used as food since early civilization, mainly in regions where edible bamboos were plentiful, and people tried different ways to prepare and consume the shoots. The delicious exotic bamboo shoots offer a way to improve food and nutritional security in remote areas. For generations, the delicacies of the bamboo shoot have remained one of the highly palatable dishes, which refers not merely to the poor man’s timber but also to the rich man’s delicacy. Chongtham & Bisht, (2020) reported around 223 bamboo species grown and utilized for young shoots worldwide. Shoots have a crisp, crunchy taste imparting a unique taste which is mostly used in making appetizing soups, delicious snacks, hot curries, spicy stir-fries, attractive salads, pickles, chutneys, aromatic fried rice, spring rolls, and other stewed and fried dishes. Shoots are used as fresh vegetables and in many forms of processed and preserved ways such as dried, fermented, salted, pickled, water-soaked and canned. Bamboo shoot is a seasonal vegetable that is available during the monsoon season. Shoots are typically found during the monsoon season, but they are available in two types per year: winter shoots and spring shoots, depending on the season. Spring shoots are typically larger, tougher, and superior to winter shoots. Shoots that are 1-2 weeks old are harvested; depending on the species, shoots can be from 1 to 4 feet tall. It can be cut with a sharp knife from the base, properly cleaning the surroundings and a few inches deeper into the ground. Shoots with minimum height will be softer and sweeter, but with maximum height will be harder and more bitter in taste. After harvesting, the shoots should be cleaned with tap water, and the culm sheath should be removed. The soft white middle portion of the shoots needs to be chopped into desired shapes and sizes for processing treatment and used as a vegetable in different dishes. In South-East Asian countries, shoots are mostly harvested during the monsoon season, whereas in Japan and China, shoots of Phyllostachys heterocycla var. pubescens and P. nidularia are harvested in early winter (Christine & Wetterwald, 1992). Due to its short shelf life of only 3-4 days at room temperature, it must be consumed or processed immediately after being harvested. It is crucial to process bamboo shoots before consumption due to the high content of anti-nutrients, particularly taxiphyllin. Various traditional and contemporary methods are utilized for processing and preserving bamboo shoots, such as boiling, soaking, fermentation, sun-drying, roasting, canning, pickling, and many others. The native population in China’s Yunnan province utilizes traditional processing techniques to prepare the shoots of Dendrocalamus semiscandens, D. hamitonii, and Schizostachyum funghomi for cooking. On the other hand, drying is deemed beneficial for the bitter shoots of D. barbatus, D. giganteus, D. membranaceus, Pseudostachyum polymorphum, Gigantochloa nigrociliata, and Leptocanna chinensis (Qing et al., 2008). For a very long time, fermented bamboo shoots have been a well-liked delicacy in Northeast India. The traditional processing techniques of fermentation and sun-drying are commonly employed for various products such as Poka khorisa, Khorisa, Khorisa tenga, Miya mikhri, Miya mecheng, Jim tenga, Tuaithur, Tuairoi, of Assam, Hirring, Hitch, Hitak, Iku, Heecha, Hikku, Ekung, Kupe, Eeku, Eup, Hi, Nogom, Ipe, Hithyi, Eepe, Eep of Arunachal Pradesh, Soibum, Soidon, Soijin of Manipur, Lung-seij, Pdam of Meghalaya, Rawtuai rep of Mizoram, Bastanga, Rhujuk of Nagaland, Kardi, Handua of Odisha, and Moiya koshak, Midukeye, Mellye amiley, Moiya pangsung of Tripura (Santosh et al., 2023). Fermented and sun-dried bamboo shoots are highly popular due to their extended shelf life and availability during the offseason. However, when consumed, fresh shoots are favored over them for their delectable taste and superior nutritional value. Abebe, S., Minale, A.S., & Teketay, D. (2022). Socio-economic importance of the bamboo resources in the Lower Beles River Basin, north-western Ethiopia. Environment, Development and Sustainability, pp.1-20. Christine, R., & Wetterwald, M.F. (1992). Bamboos. Timber Press. Portland. Ekwe, N.B., Tyufekchiev, M.V., Salifu, A.A., Schmidt-Rohr, K., Zheng, Z., Maag, A.R., Tompsett, G.A., Cai, C.M., Onche, E.O., Ates, A., & Soboyejo, W.O. (2023). Bamboo as a Cost-Effective Source of Renewable Carbon for Sustainable Economic Development in Low-and Middle-Income Economies. Energies, 16(1), p.331. Qing, Y., Zhu, B.D., Zheng, L.W., Kai. H.H., Qi, X.S., & Zhen, H.P. (2008). Bamboo resources, utilization and ex-situ conservation in Xishuangbanna, south-eastern China. Journal of Forest Research, 19(1): 79-83. bamboo farming edible bamboo"
https://wikifarmer.com/what-are-prebiotics-and-why-are-they-beneficial/,10/19/2023 20:04,"Prebiotic properties of fruit-vegetable peels and their role in probiotic food formulation What are the benefits of fruit and vegetable peels? What are probiotics? What are the prebiotics? What foods are high in prebiotics? How can farmers benefit from fruit-vegetable peels? What are the uses & benefits in the food industry? This post is also available in: Español (Spanish) Français (French) Deutsch (German) हिन्दी (Hindi) Português (Portuguese (Brazil)) Fruits (mango, banana, pomegranate, pineapple, orange, sweet line, papaya, apple, etc.) and vegetables (potato, gourd, onion, tomato, carrot, pumpkin etc.) are rich sources of health-beneficial compounds along with vitamins and minerals. However, from fruit and vegetable processing, handling, and storage, 25-57 million tonnes of waste are generated. 15-60% of this waste is mainly peels that are discarded or used for animal feed. Due to their higher biodegradable nature and ability to initiate or boost fermentation, these peels can contribute to environmental pollution, green gas emission, and global warming, creating challenges for the balance between the environment and health. Discarded peels are also sometimes burnt to get rid of the wastes and cause air, soil, and water pollution. Thereby, it is necessary to discard these peels properly or reuse them for better purposes such as value-added product formulation, bio-fertilizer, edible food packaging, etc. According to ongoing studies, these peels contain higher levels of nutrients, minerals, vitamins, and especially fibers. Eventually, they contain more nutrients than the pulp or the inner part of the fruit or vegetables. They have also shown anti-carcinogenic, anti-diabetic, anti-hypertensive, antioxidant properties, and other medicinal characteristics. Due to the presence of fibers, these peels also showed prebiotic properties and indicated potential use for healthy probiotic food formulation. Few studies regarding the role of peel-incorporated probiotic food products also revealed controlled metabolic disorders, improved digestion, and better bowel conditions. Besides improving the gut environment, the presence of these peels in the formulated products also enhances the nutrient and food quality of the products. Generally, probiotics are known as ‘live microorganisms’, which play a key role in maintaining our gut environment and our entire health system. Daily intake of probiotics in certain proportions results in health benefits and boosts immunity. Common probiotics used for food formulation include Lactobacillus casei, Bifidobacterium animalis subsp. lactis, Lactobacillus acidophilus and Lactobacillus paracasei etc. The use of probiotics in food formulation (Fermented food) is a traditional practice. Yogurt, kefir, kombucha, sauerkraut, tofu, yakult etc. are rich sources of probiotics. Incorporating these fermented foods into a daily diet can help combat nutrient deficiency and contribute to malnutrition mitigation. Prebiotics are generally fibers, and polysaccharides that act as food for live microorganisms. The presence of prebiotics in the colon results in direct contact with good bacteria. Degradation of these prebiotics by the microorganisms boosts or improves the growth and activity of probiotics. However, recent studies have revealed the prebiotic property of certain health-beneficial compounds like polyphenols, proteins, bacterial metabolites, and polyunsaturated fatty acids (PUFAs). Consumption of such food products helps to maintain the population of good bacteria in our gut. Probiotic food formulation using prebiotics can be a cost-effective approach to minimize hunger as well as nutrient deficiency. Fibers in fruit and vegetable peels can improve the activity of probiotics in fermented products. Though prebiotics, enriched probiotic yogurt, and capsules are commercially available, understanding the role of prebiotic-probiotic interaction in value-added food product formulation needs more studies. According to the available data survey, the market demand for prebiotics will increase by 12.7% by 2025, and there is a probability of having a profit of 10.55 billion dollars. Generally, green leafy vegetables, fruits, fiber-rich foods are the major sources for prebiotics. Some examples of foods containing prebiotic properties are: apples, bananas, pineapple, pomegranate seeds, burdock root, chicory root, seaweed, flaxseeds, oats, barley, chickpeas, lima beans, mung bean, wheat bran, rice bran, fruit peels etc. The use of fruit-vegetable peels as organic sources of prebiotics in food industries can also benefit fruit and vegetable farmers. Processing of fruit-vegetable peels and formulation of healthy food can be achieved even using conventional culinary techniques and some basic treatments like freezing, drying, heating, blanching (to soak in boiling water for a shorter duration followed by quick cooling), fermentation, etc. These peels need processing as they contain a certain amount of antinutrients (Factors affecting nutrient absorption in the body). Processing of the peels also helps to stop the enzymatic reaction. The presence of certain compounds in fruit peels, like naringin (Orange peel), cause a bitter taste. Proper treatment of these peels can lower the concentration of such compounds resulting acceptable taste. Instead of selling to the middleman, fruit and vegetable farmers can directly provide to markets and collect the post-processing waste (peel) for further use. For the aroma, Citrus fruit peel, banana peel, and mango peel are getting attention for food formulation. Other peels from fruit or vegetables like guava, carrot, potato etc., possessing prebiotic properties, are yet to reach that target. The use of prebiotics (Dietary fibers) in food products contributes as bulking ingredient with low energy and low fat. In some cases, fruit peels can also replace artificial sweeteners, especially in baked products and health drink powder formulations. Food specialists and researchers have formulated peel-incorporated fermented products like yogurt, fermented flavored milk, and ready-to-eat and ready-to-cook products with acceptable sensory qualities. Apart from probiotic foods, attempts also have been made to develop peel-enriched bakery products like cookies, bread, beverages, health drinks, instant health drink powder, etc. Bakery products have been formulated using peels of orange, pear, passion fruit, jackfruit, banana, pomegranate etc. Extruded and snack products have been developed using the peel of watermelon, mango, pumpkin etc. All these formulated products showed improved nutrient composition and product quality. They are keen to accomplish successful formulation to establish the role of these fruit and vegetable-generated peels for better food sustainability as well as economic independence globally. Increased fruit-vegetable waste (peels) generation needs proper valorization techniques with a strategic approach. The presence of beneficial health attributes in these peels can be used for managing food and nutrition security. Reference Leong, Y. K., & Chang, J. S. (2022). Valorization of fruit wastes for circular bioeconomy: Current advances, challenges, and opportunities. Bioresource technology, 127459. Hussain, H., Mamadalieva, N. Z., Hussain, A., Hassan, U., Rabnawaz, A., Ahmed, I., & Green, I. R. (2022). Fruit peels: Food waste as a valuable source of bioactive natural products for drug discovery. Current Issues in Molecular Biology, 44(5), 1960-1994. Karmali, N., & Le, T. (2020). Equal access to beneficial microbes: A tool for reduced malnutrition. Global Health: Annual Review, 1(5), 3-3. Kumar, H., Bhardwaj, K., Sharma, R., Nepovimova, E., Kuča, K., Dhanjal, D. S., … & Kumar, D. (2020). Fruit and vegetable peels: Utilization of high value horticultural waste in novel industrial applications. Molecules, 25(12), 2812. Fruits (mango, banana, pomegranate, pineapple, orange, sweet line, papaya, apple, etc.) and vegetables (potato, gourd, onion, tomato, carrot, pumpkin etc.) are rich sources of health-beneficial compounds along with vitamins and minerals. However, from fruit and vegetable processing, handling, and storage, 25-57 million tonnes of waste are generated. 15-60% of this waste is mainly peels that are discarded or used for animal feed Due to their higher biodegradable nature and ability to initiate or boost fermentation, these peels can contribute to environmental pollution green gas emission global warming , creating challenges for the balance between the environment and health. Discarded peels are also sometimes burnt to get rid of the wastes and cause air, soil, and water pollution. Thereby, it is necessary to discard these peels properly or reuse them for better purposes such as value-added product formulation, bio-fertilizer, edible food packaging, etc. According to ongoing studies, these peels contain higher levels of nutrients minerals vitamins , and especially fibers . Eventually, they contain more nutrients than the pulp or the inner part of the fruit or vegetables. They have also shown anti-carcinogenic, anti-diabetic, anti-hypertensive, antioxidant properties, and other medicinal characteristics. Due to the presence of fibers, these peels also showed prebiotic properties and indicated potential use for healthy probiotic food formulation. Few studies regarding the role of peel-incorporated probiotic food products also revealed controlled metabolic disorders, improved digestion , and better bowel conditions. Besides improving the gut environment, the presence of these peels in the formulated products also enhances the nutrient and food quality of the products. Generally, probiotics are known as ‘live microorganisms’, which play a key role in maintaining our gut environment and our entire health system. Daily intake of probiotics in certain proportions results in health benefits and boosts immunity. Common probiotics used for food formulation include Lactobacillus casei, Bifidobacterium animalis subsp. lactis, Lactobacillus acidophilus Lactobacillus paracasei etc. According to the available data survey, the market demand for prebiotics will increase by 12.7% by 2025, and there is a probability of having a profit of 10.55 billion dollars. directly provide to markets collect the post-processing waste (peel) for further use. The use of prebiotics (Dietary fibers) in food products contributes as bulking ingredient with low energy and low fat. In some cases, fruit peels can also replace artificial sweeteners , especially in baked products and health drink powder formulations. Food specialists and researchers have formulated peel-incorporated fermented products like yogurt, fermented flavored milk, and ready-to-eat and ready-to-cook products with acceptable sensory qualities. Apart from probiotic foods, attempts also have been made to develop peel-enriched bakery products like cookies, bread, beverages, health drinks, instant health drink powder, etc. Bakery products have been formulated using peels of orange, pear, passion fruit, jackfruit, banana, pomegranate etc. Extruded and snack products have been developed using the peel of watermelon, mango, pumpkin etc. All these formulated products showed improved nutrient composition and product quality. They are keen to accomplish successful formulation to establish the role of these fruit and vegetable-generated peels for better food sustainability as well as economic independence globally. Increased fruit-vegetable waste (peels) generation needs proper valorization techniques with a strategic approach. The presence of beneficial health attributes in these peels can be used for managing food and nutrition security. prebiotics"
https://wikifarmer.com/probiotics-benefits/,10/19/2023 20:04,"What are the positive effects of Probiotics? – Should they be consumed with caution? What are the Probiotics (Or Foods Containing Them)? What are the top probiotic foods? What are probiotics good for? How do probiotics work? What is the role of probiotics in cancer prevention? Who should not take probiotics or should consume them with caution? Is it safe to use probiotics or products that contain probiotics? This post is also available in: Français (French) हिन्दी (Hindi) Português (Portuguese (Brazil)) Appearing as a solution of modern days, probiotics and concepts (functional foods) involving the foods containing them have evolved significantly with consumers’ understanding of the link between achieving good health and food consumption. Since then, a series of controversies have popped up raising alarm concerning their usage. Similarly, their understanding of having an impact on individual gut microbiota together with the recent advances in food analysis has revealed the need for more evidences to claim their positive effects on health and evolve the concept of personalized nutrition. Probiotics are non-pathogenic microorganisms that, when consumed in adequate amounts, confer health benefits to the hosts. They are yeasts or lactic acid bacteria such as Saccharomyces boulardii, or Lactobacillus and Bifidobacterium species respectively. After reaching their targeted places (Gastrointestinal tract), probiotics may help to maintain a healthy balance of microorganisms in the gut, which can in turn have positive effects on overall health. There are various mechanisms through which probiotics exert their benefits such as lowering the intestinal pH, decreasing colonization and invasion from pathogenic organisms, and modifying the host immune response (13). Indeed, the awareness of the implication of food consumption on achieving good health together with the increased healthcare cost has led to finding alternatives to reduce the risk or manage diseases. As part of these alternatives, the use of probiotics was suggested and shreds of evidence of their benefits were extensively documented [1, 3, 5, 8, 12]. At this point, the definition profiled by the International Scientific Association for Probiotics and Prebiotics (ISAPP), references them as a modern solution with claims to either alleviate or forestall all diseases, including diarrhea, obesity, Alzheimer and cancer. Nevertheless, these views seem challenged until recently, even though pieces of evidence of their clinical uses could be found in the literature. Interestingly, in the present summary, we intend to bring together recent insights into the health benefits of probiotics with the hope of raising the need for more studies on which outcomes could encourage the prescription of probiotics for efficient and personalized treatments. However, with their (probiotics and products containing them) generally recognized as safe (GRAS) status, the usage of products containing them could be encouraged to grant good intestinal balance within microbiota at the household level. Fermented foods are high in probiotics as well. Common fermented foods that naturally contain probiotics, or have probiotics added to them, are yogurt, kefir, sauerkraut, kombucha, pickles, kimchi, miso, tempeh, sourdough bread and some raw cheeses. The probiotics-related series of studies have strengthened the association of probiotics with maintaining and/or promoting well-being. This led to the development of different concepts of which functional foods and/or nutraceuticals have gained more interest in recent decades. From a food consumption perspective, it can be assumed that these concepts and probiotics understanding focus on the health benefits (beyond nutritional value) granted either by the microorganisms and/or by the food ingredients consumed in adequate amounts as a part of a diet. As for now, careful use of probiotics and foods containing them could be a valuable alternative to alleviate and cure the incidence of some diseases like obesity, diarrhea, antibiotic-associated diarrhea, Clostridium difficile disease, and cancer. [1, 6, 12]. The mechanisms of action behind the exerted health benefits, even though still unclear, could include the production of bacteriocin; the lowering of pH; the improvement of intestinal health; Immunoglobulin A (IgA) secretion; modifying T-cell responses, among others reported in [3, 5, 8]. The use of probiotics has been associated to alleviate the risk or manage the incidence of both gastrointestinal (GI) and non-gastrointestinal medical conditions [4, 6]. Evidence of using probiotics to manage GI medical conditions can be found in Table 1. Slizewska et al. [10] appraised the role of probiotics in cancer prevention and concluded on the positive effect of Lacticaseibacillus rhamnosus GG in inhibiting and inducing apoptosis of cancer cells. The mechanism behind this lies in the production of short-chain fatty acids (SCFA), such as butyric acid, reportedly associated with the regulation of proliferation, division, and apoptosis of colon cells. Noteworthy, SCFAs are derived from the intestinal flora in insufficient amounts to inhibit the development of certain cancers. Thus, consuming probiotics on a daily basis can help improve the daily production of SCFAs. Similarly, in some instances, a combined treatment of probiotics and transforming growth factor beta (TGF-ß) receptor blockers was found successful in inhibiting tumor growth. Nonetheless, despite the lack of a worldwide legal framework for consumer protection and safe probiotics usage [6, 7, 12] has reported that most probiotics are safe. Further insights into the health benefit associated with the consumption of probiotics and foods containing them can be found in Figure 1. Table 1 samples outcomes associated with the clinical uses of probiotics. Figure 1: Health benefits associated with the consumption of probiotics and functional foods. Table 1: Outcomes and probiotics strains tested With the lack of evidence confirming the safety of their administration versus the series of outcomes depicting their health benefits, care should be taken when administering probiotics to at-risk patients such as those immunocompromised, those with an abnormal gastrointestinal mucosal barrier, those with Small Intestinal Bacterial Overgrowth (SIBO) or FODMAPs intolerance, or even those recovering from surgery and at some instant, a gradual administration could be preconized. However, it is worth mentioning that most probiotics are GRAS, and the side effects (constipation, flatulence, nausea, rash) reported from their usage up to now are minor. Revealing the interaction between probiotic strains and gut microbiota could pave the way for their recognition as food-based drugs by the FDA. Studies towards tackling the gap created by the lack of a worldwide legal framework for consumer protection and safe probiotics usage are needed. As for now, safe consumption of probiotics or probiotic-based foods (containing a mixture of probiotics) on a daily basis could be the new game changer in managing diseases and reducing the burden of high healthcare costs, especially in developing countries. functional foods probiotic-based foods Probiotics"
https://wikifarmer.com/natural-antioxidants-sources-benefits-and-applications-in-the-food-industry/,10/19/2023 20:04,"Sèdo Eudes Anihouvi Antioxidants: Sources and Classification Which are the health benefits of antioxidant usage? Which are the applications of antioxidants in the food industry? How to improve antioxidant consumption at a household level? Ph.D. Scientist in Food Science and Dairy Technology Which Foods are high in antioxidants? This post is also available in: Français (French) Deutsch (German) हिन्दी (Hindi) Ελληνικά (Greek) Natural antioxidants are found in a wide variety of plant-based foods, including fruits, vegetables, nuts, seeds, and herbs [1, 2]. They are classified into several categories based on their chemical structure and properties. Reportedly, here are some common sources and classifications of natural antioxidants [3, 4, 5]: Assuming that there is a relationship between energy intake and the need for dietary antioxidants, dietary antioxidant needs could be estimated upon dietary energy intake. For an individual consuming 2500 kcal per day, AOC needs are estimated to be 11.5 mmol. Table 1 below displays a sample of foods with high antioxidant content. However, as mentioned above, many fruits and vegetables contain antioxidants and should be consumed daily. Examples of fruits with antioxidants include: Berries, known as fruits with highest antioxidants as compared to other fruits. Similarly, dried fruits contain more antioxidants than fresh fruits but they are higher in energy and sugars. A lot of antioxidants are also included in coffee, green tea and cocoa. Table 1: Examples of fruits with high antioxidant contents (mmol/100g) [13] Table 2: Examples of vegetables with high antioxidant contents (mmol/100g) [13] Antioxidants are naturally occurring compounds that play a crucial role in protecting the body from the damaging effects of free radicals [5, 6]. Free radicals are unstable molecules that can cause damage to cells and contribute to the development of a range of health problems, including cancer, heart disease, and neurodegenerative disorders. Antioxidants work by neutralizing free radicals and preventing them from causing harm to the body. There are a variety of different types of antioxidants, including vitamins C and E, beta-carotene, and selenium, among others. These nutrients are found in a variety of foods, including fruits, vegetables, nuts, seeds, and whole grains. Research has shown that consuming a diet rich in antioxidants can offer several health benefits. For example, studies have suggested that a diet high in antioxidant-rich foods may help to reduce the risk of cancer [7]. This is thought to be due to the ability of antioxidants to neutralize the free radicals that can damage DNA and lead to the development of cancer cells. Additionally, antioxidants have been shown to have a positive impact on heart health. Research has suggested that consuming a diet rich in antioxidants may help reduce the risk of heart disease by improving cholesterol levels, inflammation, and blood vessel function [8]. Antioxidants may also play a role in protecting against neurodegenerative disorders such as Alzheimer’s disease. Studies have suggested that the damage caused by free radicals is a contributing factor in the development of these conditions and that antioxidants may help to protect against this damage. Additionally, lycopene which can be found in red fruits and vegetables such as tomatoes, apricots, pink grapefruit and watermelon, may help to reduce the risk of prostate cancer or reduce the risk of developing type 2 diabetes. It is worth noting that while consuming a diet rich in antioxidants is generally considered to be safe, taking antioxidant supplements may not offer the same health benefits. In fact, some studies have suggested that taking high doses of antioxidant supplements may actually increase the risk of certain health problems, such as cancer [7, 8]. Antioxidants are commonly used in the food industry to prevent or delay the oxidation of food components, such as lipids and pigments, which can lead to rancidity, off-flavors, color changes, and nutrient loss. Antioxidants can be added directly to the food as ingredients or indirectly through the use of antioxidant-containing packaging materials. Some common natural antioxidants used in the food industry include ascorbic acid (vitamin C) and tocopherols (vitamin E), while some synthetic ones are butylated hydroxyanisole (BHA) [8, 9, 10]. These antioxidants can be used alone or in combination to provide synergistic effects. Antioxidants are particularly important in the preservation of fats and oils, which are prone to oxidation. They are also used in the preservation of meats, fruits, vegetables, and beverages [9]. In addition to their preservation role, antioxidants are also believed to have health benefits due to their ability to scavenge free radicals and reduce oxidative stress in the body [10, 11, 12]. However, scientific evidence for these health benefits is still being studied and debated. There are several ways to improve antioxidant consumption at a household level: Hereby, we presented just a few examples of the many sources and classifications of natural antioxidants. In summary, it is worth mentioning that there is a growing body of research indicating that antioxidants offer a range of health benefits. Thus, consuming a diet rich in antioxidant-rich foods may help to reduce the risk of cancer, heart disease, and neurodegenerative disorders. However, it is important to remember that taking antioxidant supplements may not offer the same health benefits and may even be harmful in some cases. As with any dietary changes or supplements, it is always best to speak with a healthcare professional before making any significant changes to your diet or supplement routine. antioxidants in the food industry"
https://wikifarmer.com/category/food-science/nutrition/,10/19/2023 20:04,"Nutrition Natural Antioxidants: Sources, Benefits and Applications What Are Prebiotics, and Why Are They Beneficial? Antioxidants: Sources and Classification Natural antioxidants are found in a wide variety of plant-based foods, including fruits, vegetables, nuts, seeds, and herbs [1, 2]. They are classified into several categories […] Prebiotic properties of fruit-vegetable peels and their role in probiotic food formulation Fruits (mango, banana, pomegranate, pineapple, orange, sweet line, papaya, apple, etc.) and vegetables (potato, gourd, onion, tomato, carrot, pumpkin etc.) are […]"
https://wikifarmer.com/food-fraud-in-olive-oil/,10/19/2023 20:03,"•Traceability from tree to consumer This post is also available in: Español (Spanish) Français (French) हिन्दी (Hindi) Ελληνικά (Greek) Português (Portuguese (Brazil)) Olive oil food fraud refers to the intentional misrepresentation or adulteration of olive oil in order to deceive consumers or increase profits. Olive oil is a high-value product and is susceptible to fraud due to its popularity and limited supply. The high risk of fraud in the olive oil industry is directly related to the product’s economic value, fragmented supply chain, and liquid nature (1). Similar to honey and maple syrup, some companies have previously diluted more expensive extra-virgin olive oil (EVOO) (Picture 1) with less expensive vegetable oil (such as soybean or sunflower oil) but sold the resulting mixture at a higher price as pure olive oil. Other types of food fraud might be mislabeling the country of origin, and falsely claiming that the oil is organic or has specific health benefits. According to a recent study, the value of a premium EVOO can be reduced by 50%. Olive oil fraud manifests itself in a variety of ways. In 2019, for example, Europol seized 150 tonnes of sunflower oil labelled as olive oil. Similarly, in Spain, In 2019, an olive oil producer was fined for falsely labelling their products as “extra-virgin” when they were actually of lower quality. Another case involved 47 millers, two bottlers and traders who sold oil with a fake EVOO Protected Geographical Indication (PGL) label. What’s more, there are fears the issue would worsen as demand for olive oil increases after the Russian-Ukrainian war cut the supply of sunflower oil. In 2016, Italian authorities seized 2,000 tons of fake extra-virgin olive oil that had been made by mixing lower-quality oils with chlorophyll and beta-carotene to make it appear higher quality. Olive oil fraud can not only deceive consumers but can also harm the reputation and profitability of legitimate producers. In addition, adulterated olive oil may contain harmful additives or contaminants that can pose health risks to consumers. To counter the problem, a Greek, Crete-based biotech company, which develops DNA-based traceability solutions for food products, has developed what it describes as an antifraud traceability tool called DNAblockchain. An intelligent data processing platform uses DNA data to verify the varietal authenticity of EVOO. The company is developing DNA profiles for specific olive varieties used in the production of EVOO. Koroneiki accounts for approximately 60% of Greek EVOO production. This information is then combined with other data, such as quality characteristics, the location of the olive grove, and the amount of EVOO produced and stored in a blockchain system. The whole traceability story will be available to consumers via a QR code on the EVOO bottle. Picture 1. Extra-virgin olive oil (EVOO) “Blockchain is already widely used in the olive oil industry to track and trace each lot number from the manufacturer to the consumer. The limitation of this approach is that it only ensures the traceability of the bottle and not its contents. This gap is bridged by DNAblockchain, which makes it impossible to mix olive oil with other varieties or types of vegetable oil without being discovered. So, if you add, 3 – 5% olive oil from a Greek variety to an Italian product, you can trace it back to the source using DNA analysis. That gives complete transparency”, explained the CEO of the Greek company (1). Olive oil food fraud refers to the intentional misrepresentation or adulteration of olive oil in order to deceive consumers or increase profits. Olive oil is a high-value product and is susceptible to fraud due to its popularity and limited supply. The high risk of fraud in the olive oil industry is directly related to the product’s economic value, fragmented supply chain, and liquid nature (1). Similar to honey and maple syrup, some companies have previously diluted more expensive with less expensive vegetable oil (such as soybean or sunflower oil) but sold the resulting mixture at a higher price as pure olive oil. Other types of food fraud might be mislabeling the country of origin, and falsely claiming that the oil is organic or has specific health benefits. According to a recent study, . Olive oil fraud manifests itself in a variety of ways. In 2019, for example, Europol seized 150 tonnes of sunflower oil labelled as olive oil. Similarly, in Spain, In 2019, an olive oil producer was fined for falsely labelling their products as “extra-virgin” when they were actually of lower quality. To counter the problem , which develops DNA-based traceability solutions for food products, has developed what it describes as an antifraud traceability tool called . An intelligent data processing platform uses DNA data to verify the varietal authenticity of EVOO. The company is developing . Koroneiki accounts for approximately 60% of Greek EVOO production. This information is then combined with other data, such as quality characteristics, the location of the olive grove, and the amount of EVOO produced and stored in a blockchain system. The whole traceability story will be available to consumers via “Blockchain is already widely used in the olive oil industry to track and trace each lot number from the manufacturer to the consumer. The limitation of this approach is that it only ensures the traceability of the bottle and not its contents. This gap is bridged by DNAblockchain, . So, if you add, 3 – 5% olive oil from a Greek variety to an Italian product, you can trace it back to the source using DNA analysis. That gives complete transparency”, explained the CEO of the Greek company (1). https://www.foodnavigator.com/Article/2022/06/27/Greek-blockchain-specialists-create-genetic-barcode-to-protect-against-olive-oil-fraud https://www.foodmanufacture.co.uk/Article/2012/06/01/Food-manufacturers-need-criminal-insight-to-stop-fraud-and-lift-safety olive oil fraud"
https://wikifarmer.com/food-fraud-in-spices-herbs/,10/19/2023 20:03,"What can spices and herbs exporters do? This post is also available in: Français (French) Deutsch (German) हिन्दी (Hindi) Ελληνικά (Greek) Português (Portuguese (Brazil)) Herbs and spices are the backbone of any great food (Picture 1). They not only give dishes their distinct flavours, but they may also confer health benefits when consumed in the right combination and quantities. However, whether it’s the right flavour to complement a dish or the right benefits to keep one’s diet healthy, consumers need to know they’re getting what they pay for. Spices are susceptible to fraud due to their high value, limited supply, and the complexity of their production and sourcing. Spice fraud happens when an expensive spice (such as saffron) is bulked up with non-spice plant material (such as plant stems). Another type of fraud is using dyes to give spices a specific colour, particularly when the colour strongly impacts the perception of quality. Spices such as chilli powder, turmeric, and cumin have been found to contain lead-based dyes and other industrial dyes that can cause health problems such as cancer (3). According to a recent EU study, this is not always, or even often, the case (EUR30877EN, Publications Office of the European Union, Luxembourg, 2021) (4)(5). The study conducted in 21 EU member states, as well as Switzerland and Norway, discovered that nearly one in every five herbs and spices was adulterated or altered in some unknown way. The most commonly adulterated herb was oregano, with almost half of the collected samples (48%) containing other ingredients, most commonly olive leaves. Other herbs and spices found to be adulterated were pepper (17% of samples), cumin (14%), curcuma (turmeric 11%), paprika (6%), and saffron (11%). These herbs and spices were altered or adulterated in a variety of ways. Some contained other ingredients that were added to the product but were not disclosed, such as oregano. Worryingly, some herbs and spices were discovered to contain additives currently not approved for use in foods. The study examined 1,885 samples of herbs and spices and discovered that more than half of them contained “some amount of undeclared plant material.” Unauthorized food dyes were found in about one in every fifty samples. Several samples were also found to have higher-than-allowed copper levels, including two cumin samples, four pepper samples, and 45 oregano samples. One sample also contained potentially carcinogenic levels of the chemical lead chromate. In 2018, a study by the U.S. Pharmacopeial Convention found that up to 27% of spices sold in the United States were adulterated with fillers or other substances. “There was no specific trend in the rate of potential fraudulent manipulations along the supply chain (country of origin/importers/wholesalers/processors/packagers)”, the authors wrote. “However, the number of samples obtained at certain stages (domestic production, local markets, border control, and internet) was insufficient to allow statistically significant comparisons.” As consumer interest in global flavours grows, so does demand for the herbs and spices that provide those flavours. With an increasing popularity of the food service sector for their use in ready-made meals, interest in new tastes and ethnic cuisine, health-related claims, and so on,” the authors wrote, “the global demand for herbs and spices—and the market for value-added spices and herbs, such as crushed, milled, or mixed –is on the rise”, the authors wrote. However, the scientists were quick to point out that with rising demand (and currently skyrocketing import and export costs), the possibility of adulteration grows. Picture 1. Herbs and spices are the backbone of any great food The supply chains for spices and herbs are long and complex. Fraud can occur at any point in the process. To detect and prevent blind spots, we need proper controls and mitigation measures. This is also the responsibility of exporters. But how do you mitigate your risks? Digital technologies can also provide you with tools. They are excellent starting points for gaining control of your supply chain. Blockchain-powered traceability platforms can assist you in mapping the steps and actors in the chain. This will assist you in establishing transparency and trust. More advanced Enterprise Resource Planning (ERP) software can assist you in better managing your processes in a single system. ERP, for example, ensures product separation based on shelf life, allergen risk, and origin. It also establishes quality and authenticity standards for each type of spice or herb (5). However, EMA is more than just a financial concern. Food fraud can cause serious health problems, even death, depending on what is added, substituted, or left out. Lead poisoning from adulterated spices is one example, as are allergic reactions to a hidden, substituted ingredient that contains even just one food allergen (1). For detailed information on other products, you can visit the articles Food Fraud in food, Food fraud in honey and maple syrup, and food fraud in olive oil. , this is not always, or even often, the case (4)(5). The study conducted in as well as , discovered that . The most commonly adulterated herb was containing other ingredients, most commonly olive leaves. Other herbs and spices found to be adulterated were (17% of samples), (14%), (turmeric 11%), (6%), and (11%). These herbs and spices were altered or adulterated in a variety of ways. Some contained other ingredients that were added to the product but were not disclosed, such as oregano. Worryingly, some herbs and spices were discovered to contain additives currently Several samples were also found to have , including two cumin samples, four pepper samples, and 45 oregano samples. One sample also contained “ in the rate of potential fraudulent manipulations along the supply chain (country of origin/importers/wholesalers/processors/packagers)”, the authors wrote. “However, the number of samples obtained at certain stages (domestic production, local markets, border control, and internet) was insufficient to allow statistically significant comparisons . With an , interest in new tastes and ethnic cuisine, health-related claims, and so on,” the authors wrote, , such as crushed, milled, or mixed – , the authors wrote. However, the scientists were quick to point out that with rising demand (and currently skyrocketing import and export costs), the possibility of adulteration grows. . Fraud can occur at any point in the process. To detect and prevent , we need proper controls and mitigation measures. This is also the responsibility of exporters. But how do you mitigate your risks? It is critical to establish trusting and transparent relationships with buyers . This includes clear and fast communication, fulfillment of promises, and effective response to non-compliance. It is also critical to send representative samples to demonstrate that you are a trustworthy supplier. Existing guidelines and publications will assist you in addressing the gaps in your supply chain , for example, is a collection of best practices for addressing adulteration issues. BRCGS, the United Kingdom Food and Drink Federation, and the Seasoning and Spice Association collaborated on the publication. . They are excellent starting points . Blockchain-powered traceability platforms can assist you in mapping the steps and actors in the chain. This will assist you in establishing . More advanced can assist you in better managing your processes in a single system. ERP, for example, ensures product separation based on shelf life, allergen risk, and origin. It also establishes quality and authenticity standards for each type of spice or herb (5). depending on what is added, substituted, or left out from adulterated spices is one example, as are allergic reactions to a hidden, substituted ingredient that contains even just one food allergen (1). http://wayback.archive-it.org/ https://www.irishtimes.com/ spices and herbs"
https://wikifarmer.com/food-fraud-in-honey-and-maple-syrup/,10/19/2023 20:03,"Food fraud in honey refers to the intentional adulteration or misrepresentation of honey products in order to deceive consumers or increase profits. There have been several high-profile incidents of honey fraud in recent years. Despite labelling their food as a pure product, some companies have previously mixed honey or maple syrup with cheaper sweeteners such as corn syrup, rice syrup, sugar beet syrups, or cane sugar. This reduced production costs, but consumers still paid the full price for pure honey or maple syrup, with the extra profit going to the companies. Honey fraud is one of the most widespread food frauds in history. It ranks alongside wine and olive oil as the three most frequently forged and sold products on the planet. “Unfortunately, it is not as bad as the horsemeat scandal. People could just put that meat just below a microscope and go, ‘that’s not beef; that’s horsemeat’. With honey, it’s much much more sophisticated than that. This happens because you’ve got huge factories principally in China, which are making tailor-made syrup designed to mimic honey and to pass the tests”, the London-based honey sommelier Sarah Wyndham-Lewis mentions. The problem is widespread; in 2013, the US Justice Department charged two major honey importers in ‘Operation Honeygate,’ which became the largest food fraud incident in US history (3). An analysis from the Honey Authenticity Project lab of 13 UK supermarket brands, from 2020-2022, found that none complied with EU labelling standards and couldn’t be called ‘real honey’ (Picture 1), after being subjected to more than 240 tests (4). Picture 1. Beekeeper producing real honey. Honey laundering is now so widespread that budget supermarkets in the UK are selling it for 80p – far lower than the cost of production worldwide (about £3.50 per kilo). This consumer deception is not only hurtful in itself but could cause harm to health as evidenced by the National University of Malaysia in 2018, which claims that consumption of adulterated honey increases blood glucose levels, induces obesity, and demonstrates toxicity effects; additionally, its critical finding was that on a 16-week study carried out on rats, 31.25 % of those who were fed with fake honey were dead on week 7 and the rest showed abnormal behaviour like aggressiveness, excessive drinking intake, tachycardia, thinning hair, lethargy, heavy breathing, and increase in body weight, body mass index, fat pads, triglyceride, cholesterol and glucose levels, which indicates that adulterated honey consumption leads to toxicity effects in liver and kidney, obesity and potentially diabetes (5). The easiest way for a consumer to get honey is to look at the label. Sarah advises avoiding anything with the word ‘blend’ on it – as ‘there’s never any reason to blend honey’. Particularly, avoid anything that says ‘blend of non-EU honeys’ as it is an indication that it might be full of sugar syrups (Picture 2). According to some estimates, these Chinese factories are now producing more honey than all the bees on the planet. The honey is then typically sent to factories to be blended with other honey — and possibly other substances as well, such as inexpensive rice syrup. The Chinese authorities are aware of such practices and say they are working hard to detect them. “Honey should be from a single source – and, as such, becomes a perfect picture postcard of that time, that place, and the specific forage that the bees are bringing into the hive. That is its authenticity.” Sarah mentions. Global output has increased by nearly 50% over the last two decades. During the same time period, the number of farmed beehives increased, but by less than 30 per cent to about 90 million, according to the UN’s Food and Agriculture Organization. Beekeepers are concerned that cheap imports will drive them out of business, resulting in fewer bees pollinating crops, wildflowers, and trees, threatening ecological disaster. Picture 2. An analysis from the Honey Authenticity Project lab of 11 UK supermarket brands found that none complied with EU labelling standards and couldn’t be called ‘real honey’. Anything that says blend should be avoided, especially if it mentions non-EU honeys (3). So, blending honey from various sources results in a completely anonymized product with no provenance. There is no authenticity, and the blend has been highly processed. As some large supermarkets and honey packers claim, a blended honey cannot be ‘traced back to the hive’. That’s Greenwash”. Sarah believes that instead of banning fake honey, labelling should be changed to make it clear that it is not a natural product. “We shouldn’t be banning cheap commodity ‘honey’ though, because that becomes undemocratic and unhelpful. Instead, we should try to define it more precisely. So, we have a really good model in the maple syrup industry. You have two products right next to each other. One is a cheap version clearly labelled ‘maple flavoured syrup’ and right next to it is certified maple syrup – the real deal – a natural product with provenance that costs three or four times as much. As a consumer, the choice is clear to you, and you can make it according to your purse and preference”, Sarah adds (3). Food Fraud in food, Food fraud in olive oil Despite labelling their food as a pure product, some companies have previously mixed honey or maple syrup with cheaper sweeteners such as corn syrup, rice syrup, sugar beet syrups, or cane sugar. This reduced production costs, but consumers still paid the full price for pure honey or maple syrup, . It ranks alongside wine and olive oil as the three most frequently forged and sold products on the planet. “Unfortunately, it is not as bad as the horsemeat scandal. People could just put that meat just below a microscope and go, ‘that’s not beef; that’s horsemeat’. With honey, it’s much much more than that. This happens because you’ve got huge factories principally in , which designed to ”, the London-based honey sommelier Sarah Wyndham-Lewis mentions. The problem is widespread; in 2013, the US Justice Department charged two major honey importers in ‘Operation Honeygate,’ which became the largest food fraud incident in US history (3). An analysis from the of 13 UK supermarket brands, from 2020-2022, found that and couldn’t be called , after being subjected to more than 240 tests (4). is now so widespread that budget supermarkets in the UK are selling it for 80p – far lower than the cost of production worldwide (about £3.50 per kilo). This consumer deception is not only hurtful in itself but could cause harm to health as evidenced by the National University of Malaysia in 2018, which claims increases blood glucose levels, induces obesity, and demonstrates toxicity effects; additionally, its was that on a 16-week study carried out on rats, and the rest showed like aggressiveness, excessive drinking intake, tachycardia, thinning hair, lethargy, heavy breathing, and increase in body weight, body mass index, fat pads, triglyceride, cholesterol and glucose levels, which indicates that adulterated honey consumption leads to toxicity effects in liver and kidney, obesity and potentially diabetes (5). The easiest way for a consumer to get honey is . Sarah advises avoiding anything with the word on it – as . Particularly, avoid anything that says as it is an indication that it might be The honey is then typically sent to factories to be blended with other honey — and possibly other substances as well, such as inexpensive rice syrup. The Chinese authorities are aware of such practices and say they are working hard to detect them. “ – and, as such, becomes a perfect picture postcard of that time, that place, and the specific forage that the bees are bringing into the hive. That is its .” Sarah mentions. Global output has increased by nearly 50% over the last two decades. During the same time period, the number of farmed beehives increased, but by less than 30 per cent to about 90 million , according to the UN’s Food and Agriculture Organization. Beekeepers are concerned that cheap imports will drive them out of business, resulting in fewer bees pollinating crops, wildflowers, and trees, threatening ecological disaster. So, blending honey from various sources results in with no provenance. There is no authenticity, and the blend has been highly processed. As some large supermarkets and honey packers claim, a blended honey cannot be ‘traced back to the hive’. That’s Greenwash”. Sarah believes that instead of banning fake honey, labelling should be changed to make it clear that it is not a natural product. “We shouldn’t be banning cheap commodity ‘honey’ though, because that becomes undemocratic and unhelpful. Instead, we should try . So, we have a really good model in the maple syrup industry. You have two products right next to each other. One is a cheap version clearly labelled ‘maple flavoured syrup’ and right next to it is certified maple syrup – the real deal – a natural product with provenance that costs three or four times as much. As a consumer, the choice is clear to you, and you can make it according to your purse and preference”, Sarah adds (3). https://www.dailymail.co.uk/femail/article-10305039/Is-honey-cupboard-FAKE-Expert-reveals-simple-ways-tell.html Honey legislation"
https://wikifarmer.com/food-fraud-economically-motivate-adulteration-ema-in-food/,10/19/2023 20:03,"Food fraud isn’t just an economic issue; it can also lead to health problems. Formula for Infants Pine Nuts Irish horsemeat scandal This post is also available in: Ελληνικά (Greek) Português (Portuguese (Brazil)) Economically motivated adulteration (EMA) occurs when a valuable ingredient or part of a food is intentionally left out, removed, or substituted. EMA can also occur when a substance is added to a food to make it appear better or more valuable. For example, when manufacturers mix a less expensive vegetable oil with an expensive olive oil and sell the product as 100% olive oil, they deceive their customers. This type of EMA is called food fraud (Picture 1). Food fraud is the most common type of EMA that the FDA deals with, but EMA can also occur with other products such as animal food and cosmetics. Some types of EMA also constitute misbranding violations. Food fraud is difficult to quantify because it is designed to avoid detection. Experts estimate that food fraud affects 1% of the global food industry and costs $10-$15 billion per year, though some more recent studies; estimates put the cost as high as $40 billion per year. Some of the most common food frauds are honey and maple syrup, olive oil, seafood, juice, spices and herbs (1). For detailed information on these products, you can visit the articles food fraud in honey and maple syrup, food fraud in olive oil, food fraud in spices and herbs. Picture 1: Food Fraud (2) Aside from the commonly reported cases of food fraud and adulteration in honey, olive oil, and herbs/spices, numerous incidents in recent years have posed serious health risks or even caused death to consumers. The following are some high-profile examples of past food fraud cases: Scientists can estimate the amount of protein in a food by looking at how much nitrogen is present. In 2008, Chinese manufacturers added melamine (a synthetic chemical with a high nitrogen content that is commonly used in plastics) to infant formula to make it appear to have enough protein. As a consequence of this, infants suffered from kidney failure, and media coverage stated that the deceitful act led to more than 300,000 cases of sickness, 50,000 hospital admissions, and a minimum of six fatalities (1). The highest levels of contamination were found in milk powder from China’s State-owned, largest milk powder manufacturer and budget segment market leader. However, it was not the only corporation involved. Despite official Chinese notification in September 2008 that all contaminated products had been destroyed, and subsequent international import bans on Chinese milk and infant formula, there is evidence that melamine-contaminated milk had silently reached the African continent. Three (6%) of 49 representative branded and black market milk powder samples collected in the East African port city of Dar-es-Salaam between October 23rd and December 17th, 2008, contained measurable concentrations of melamine ranging from 0.5 to 5.5 mg/kg milk powder. Surprisingly, these positive samples were internationally branded milk powders, which may reflect multinational milk powder product manufacturers’ global purchasing practices (14). From 2008 to 2012, some people reported a bitter metallic taste (“pine mouth”) after they ate pine nuts. This tastes sometimes lasted for weeks (10). According to an international investigation, some manufacturers substituted a non-food species of pine nuts for more expensive edible pine nut species. The horsemeat scandal occurred when horse meat was incorrectly entered as beef into the supply chain in 2013. Once in the supply chain, the horsemeat ended up in a variety of products sold in the United Kingdom. The scandal was first identified in Ireland and spread throughout Europe and beyond. The horsemeat scandal infiltrated numerous supply chains and resulted in the recall of millions of products across Europe, costing businesses millions of pounds. The scandal changed the way we look at food safety in the European Union and perhaps globally. Food safety and quality standards in the industry have been upgraded, and businesses must now have food-fraud vulnerability assessments and fraud mitigation plans in place. Risk assessments and traceability audits are part of the supplier approval procedures. In most large food companies, routine surveillance involving authenticity testing is now the norm. Following the Horsegate, major retailers now conduct unannounced audits of their suppliers to ensure that the food they purchase is authentic and labelled correctly (11). The Food Standards Agency Ireland (FSAI) tested a variety of frozen foods in December 2012. As the tests revealed that the samples contained unknown DNA, they were retested for bovine (cow), porcine (pig), and equine (horse) DNA. Over a third of the products contained equine DNA, and 85% of the total products contained pig DNA, according to the results. The FSAI released their findings in January 2013, and the horsemeat scandal spread throughout the industry in the weeks that followed. One of the issues raised by the scandal was the supply chain’s vulnerability to food crime. Following the FSAI’s findings, the Food Standards Agency (FSA) in the United Kingdom and the European Commission encouraged the beef industry to test all of its beef products for horse meat. These tests revealed that the “beef” in frozen lasagne and spaghetti Bolognese produced by a French manufacturer was up to 100% horse. Some of the biggest UK supermarkets all received products from the French company. The investigations into how horsemeat came to be in certain foods then expanded across Europe (15). Horsemeat in beef burgers shocked the Irish and European meat industry a decade ago, but the story has a much longer history. Ironically, the chicaneries of January 2013 were predicted six decades earlier by Tom Walsh, the then-Minister of Agriculture. In the early 1950s, Walsh resisted calls from animal rights activists for a ban on live horse exports to the Continent. An international non-profit organization about animal welfare argued that shipping 25,000 horses to slaughter in Belgium and France was cruel, and they advocated for the establishment of horse slaughter plants in Ireland. Walsh, on the other hand, refused to grant licences for such plants, claiming that the development of horse slaughter plants increased the risk of food fraud by creating a situation in which horsemeat could be passed off as beef. If this occurred, he claimed, it would jeopardise Ireland’s position as an “exporter of high-quality beef and mutton” (16). And he was correct as history has proven. Food fraud is an age-old problem that reoccurs on a regular basis in food supply chains and is unlikely to be completely eradicated. Since the 2013 global issue of the fraudulent substitution of horsemeat in beef products, there has been global agreement that, in addition to being better at detecting food fraud, more needs to be done to prevent food fraud from occurring in the first place (12). A risk management expert has suggested that food technologists should start thinking like criminals if they want to identify illegal activities in their supply chains that could lead to serious food safety incidents (13). EMA can also occur when a substance is added to a food to make it appear better or more valuable. For example, when manufacturers mix a less expensive vegetable oil with an expensive olive oil and sell the product as 100% olive oil, they deceive their customers. This type of EMA is called , but EMA can also occur with other products such as animal food and cosmetics. Some types of EMA also constitute misbranding violations. . Experts estimate that food fraud affects and costs , though some more recent studies; estimates put the cost as high as . Some of the are (1). Aside from the commonly reported cases of food fraud and adulteration in honey, olive oil, and herbs/spices, numerous incidents in recent years have posed serious health risks or even caused death to consumers. The following are some high-profile examples of Scientists can estimate the amount of protein in a food by looking at how much nitrogen is present. In (a synthetic chemical with a high nitrogen content that is commonly used in plastics) . As a consequence of this, suffered from , and media coverage stated that the deceitful act led to (1). The highest levels of contamination were found in milk powder from China’s State-owned, largest milk powder manufacturer and budget segment market leader. However, it was not the only corporation involved. Despite official Chinese notification in September 2008 that all contaminated products had been destroyed, and subsequent international import bans on Chinese milk and infant formula, there is evidence that melamine-contaminated milk had silently reached collected in the East African port city of Dar-es-Salaam between October 23rd and December 17th, 2008, contained measurable concentrations of ranging from milk powder. Surprisingly, these positive samples were , which may reflect multinational milk powder product manufacturers’ global purchasing practices , some people reported after they ate pine nuts. This tastes sometimes lasted for weeks (10). According to an international investigation, The horsemeat scandal occurred when horse meat was incorrectly entered as beef into the supply chain in . Once in the supply chain, the horsemeat ended up in a variety of products sold in the United Kingdom. The horsemeat scandal infiltrated numerous supply chains and resulted . Food safety and quality standards in the industry have been upgraded, and businesses must now have in place. are part of the . In most large food companies, routine surveillance i . Following the , major retailers now conduct unannounced audits of their suppliers to ensure that the food they purchase is (11). tested a variety of frozen foods in December 2012. As the tests revealed that the samples contained unknown DNA, they were retested for bovine (cow), porcine (pig), and equine (horse) DNA. , and 85% of the total products contained pig DNA, according to the results. . One of the issues raised by the scandal was the supply chain’s vulnerability to food crime. Following the FSAI’s findings, the Food Standards Agency (FSA) in the United Kingdom and the European Commission encouraged the beef industry to test all of its beef products for horse meat. Horsemeat in beef burgers shocked the Irish and European meat industry a decade ago, but . Ironically, the chicaneries of January 2013 were predicted six decades earlier by Tom Walsh, the then-Minister of Agriculture. An international non-profit organization about animal welfare argued that shipping 25,000 horses to slaughter in Belgium and France was cruel, and they advocated for the establishment of horse slaughter plants in Ireland. Walsh, on the other hand, . If this occurred, he claimed, it would jeopardise Ireland’s position as an “exporter of high-quality beef and mutton” . And he was correct as history has proven. Food fraud is an age-old problem that reoccurs on a regular basis in food supply chains and . Since the 2013 global issue of the fraudulent substitution of horsemeat in beef products, there has been global agreement that, in addition to being better at detecting food fraud, more needs to be done (12). A risk management expert has suggested that if they want to identify illegal activities in their supply chains that could lead to (13). https://www.fda.gov/food/compliance-enforcement-food/economically-motivated-adulteration-food-fraud Brooks, C. at al. 2021 A review of food fraud and food authenticity across the food supply chain, with an examination of the impact of the COVID-19 pandemic and Brexit on food industry. Food Control, Vol. 130, 108171. https://www.dailymail.co.uk/femail/ https://www.facebook.com/HoneyAuthenticityNetwork/ Suhana S. et al, 2018 Adulterated honey consumption can induce obesity, increase blood glucose level and demonstrate toxicity effects. UKM, Sains Malaysiana, 47 (2). pp. 353-365. ISSN 0126-6039 https://www.foodnavigator.com/Article/ https://www.foodbeverageinsider.com/supply-chain/eu-study-reveals-fraud-adulteration-many-herbs-and-spices https://publications.jrc.ec.europa.eu/repository/handle/JRC126785 https://www.cbi.eu/news/fraud-and-adulteration-european-spice-and-herb-sector http://wayback.archive-it.org/7993/20171114232622/ https:/www.fda.gov/Food/RecallsOutbreaksEmergencies/SafetyAlertsAdvisories/ucm247099.htm https://www.irishtimes.com/opinion/2023/01/12/irish-horsemeat-scandal-changed-the-way-europe-looks-at-food-safety/ https://www.foodauthenticity.global/food-fraud-prevention https://www.farmersjournal.ie/sixty-year-tail-to-horsemeat-scandal-743728 Food fraud horsemeat scandal"
https://wikifarmer.com/category/food-science/fsqr/food-fraud/,10/19/2023 20:03,"Food Fraud in Spices and Herbs Food Fraud (Economically Motivate Adulteration – EMA) in food Herbs and spices are the backbone of any great food (Picture 1). They not only give dishes their distinct flavours, but they may also confer health benefits when consumed in […] Food fraud isn’t just an economic issue; it can also lead to health problems. Economically motivated adulteration (EMA) occurs when a valuable ingredient or part of a food is intentionally […]"
https://wikifarmer.com/quality-traits-of-olive-oil/,10/19/2023 20:03,"Quality Traits of Olive Oil As mentioned in the international literature, the quality criteria of olive oil are its acidity, oxidation, color and aroma and taste. Acidity is expressed in g of oleic acid per 100 g of olive oil and based on that olive oil is distinguished as suitable for human consumption or for industrial use. The hydrolysis of the triglycerides, the result of which is the increase in the acidity of the olive oil, takes place mainly before its extraction from the fruit. Thus, the acidity depends mainly on the quality of the fruit and changes only a bit after receiving the olive oil from it. This slight increase is mainly due to the hydrolytic enzymes and moisture present in the sediment. Extra virgin olive oil is defined as that whose acidity does not exceed 0.8%. In the graph below, it can be seen that the more the fruit ripens (horizontal axis), the more the acidity increases (vertical axis). https://www.researchgate.net/publication/264900120_Preharvest_circumstances_leading_to_elevated_oil_acidity_in_’Barnea’_olives Oxidation is determined based on the number of peroxides and the absorption in the UV spectrum. Number of peroxides: In virgin olive oil their number must be less than or equal to 20. A high number of peroxides indicates that the olive oil has undergone oxidative or other changes and is associated with a reduction in its shelf life. Absorption in the UV spectrum: This value is measured using the constants K232 (it should be below 2.50 in extra virgin olive oil) and K270 (it should be below 0.22 in extra virgin olive oil). These measurements are used both to determine oxidation and to detect adulteration. The color of the olive oil is mainly determined by the pigments that prevail in the fruit when it is harvested. Thus, olive oil is green when the olive fruit is unripe, i.e. at the beginning of the harvest season, as the chlorophylls prevail at that time. Gradually the color changes to yellow, since the concentration of carotenes increases and finally to gray, when it is an overripe fruit. When the malaxation of the olive paste is prolonged, a greater amount of chlorophyll is released, resulting in the olive oil acquiring a more intense green color. The organoleptic characteristics are the most important part of the quality assessment of an olive oil. Based on these, the division is made into “agourelaia” (bitter taste), bitter olive oils (large amounts of leaves), fruity (normally ripened fruit), olive oils with a good taste (distinctive and pleasant), and defective ones (musty, rancid taste, etc.). Balatsouras, G.D., The table olive, published by Balatsouras G.D., Athens, 1995 : This value is measured using the constants K232 (it should be below 2.50 in extra virgin olive oil) and K270 (it should be below 0.22 in extra virgin olive oil). These measurements are used both to determine oxidation and to detect adulteration. olive oil quality"
https://wikifarmer.com/factors-affecting-the-quality-of-olive-oil/,10/19/2023 20:03,"This post is also available in: Français (French) Deutsch (German) Türkçe (Turkish) Ελληνικά (Greek) The factors that affect the quality of olive oil can be found at all stages from its formation in the fruit until it reaches the final consumer. -The variety -The climate: In areas with a lot of sunshine, the aromatic ingredients and the quality of the olive oil are favored. -The soil: In wet and clay soils, olive oil is less rich in aromatic components compared to dry and calcareous ones. -Insects: The main pest is the olive dacus (Dacus oleae, Bactoceraoleae). The holes created when the insect exits the fruit serve as future sources of infection. In these spots, fungi can also grow and secrete lipolytic enzymes that increase the acidity of the olive oil, which is not desirable. Finally, through these holes, the oxidation of the olive oil is favored, since it comes in contact with the atmospheric air. The various cocoides, such as the “black scale”, also contribute to the quality degradation of the olive oil. -Fungi: Gleosporium olivarum causes significant changes, while Macrofoma dalmatica and Cycloconium oleaginum also harm the olives but in less extent. -Harvesting time: The ideal time to harvest is considered to be the stage of the fruit’s normal ripening, i.e. when the color of the fruit changes from green-yellow to black-violet. -The means of harvest: Injuring the fruit during harvesting essentially creates future sources of infection and fungal growth. Thus, the use of olive nets is recommended, since as a method it contributes to the reduction of collection costs and to the improvement of the quality of the olive oil. Growers should always keep in mind that fallen fruit has to be immediately removed from the ground. -The means of transporting the olive fruit: The fruits should not remain in the olive nets for long periods of time after their harvest, exposed to the sun and heat, as this may cause sunburns. Plastic crates are an ideal transport option, as they allow the fruit to aerate and breathe. After being placed in the crates, the fruit must be stored temporarily in a cool place, protected from heat and weather. -The storage time before processing: As this time increases, the aromatic components of the olive oil and its resistance to oxidative rancidity decrease. It has been determined that the quality of the olive oil is formed by 25-30% in the olive mill. Therefore, the importance of the factors that affect the quality of olive oil during this stage is clear. The factors are -Atmospheric air: Its contact with the olive paste causes oxidative deterioration of the olive oil. -Temperature: High temperatures enhance chemical and biological changes. -Iron on metal surfaces: Acts as an oxidation catalyst. During this stage, the quality of the olive oil can be significantly degraded under the influence of oxygen, temperature, light, metals, etc. More specifically: With increasing temperature -the percentage of free fatty acids increases and -acidity increases. As shown in the graph below, as the storage time increases (horizontal axis), the acidity (vertical axis) increases too. This increase is more intense at higher temperatures, for example room temperature (curve with triangles), than at 10 °C (curve with squares) or 4 °C (curve with diamonds). https://www.researchgate.net/publication/42805554_Effect_of_Preprocessing_Olive_Storage_Conditions_on_Virgin_Olive_Oil_Quality_and_Composition With exposure to oxygen -the number of peroxides increases, – the values ​ K232, K270 and -the concentration of phenolics decreases. As shown in the graph below, as storage time increases (horizontal axis), phenolics decrease (vertical axis). This decrease is more pronounced at higher temperatures, for example room temperature (curve with triangles), than at 10 °C (curve with squares) or 4 °C (curve with diamonds). Many producers use N2 gas as a means of filling their tanks in order to avoid these alterations. During the in the fruit, the factors that affect the quality are From the accumulation of the olive oil in the fruit , the factors that affect quality are -Insects: The main pest is the olive dacus ( Dacus oleae, Bactoceraoleae ). The holes created when the insect exits the fruit serve as future sources of infection. In these spots, fungi can also grow and secrete lipolytic enzymes that increase the acidity of the olive oil, which is not desirable. Finally, through these holes, the oxidation of the olive oil is favored, since it comes in contact with the atmospheric air. The various cocoides, such as the “black scale”, also contribute to the quality degradation of the olive oil. -Fungi: Gleosporium olivarum causes significant changes, while Macrofoma dalmatica Cycloconium oleaginum also harm the olives but in less extent. the fruit before processing, the factors that affect the quality are the fruit http://dspace.aua.gr/xmlui/bitstream/handle/10329/6321/Alevra_E.pdf?sequence=3 https://www.canr.msu.edu/news/store_olive_oil_to_avoid_spoilage_and_maintain_nutritional_quality https://www.agrifutures.com.au/wp-content/uploads/publications/12-024.pdf factors quality"
https://wikifarmer.com/salmonella-infection-causes-symptoms-and-control/,10/19/2023 20:03,"Salmonella Infection: Causes, Symptoms and Control Microbial Overview What is the incidence and prevalence of Salmonella? Which population groups are at higher risk of being infected by Salmonella? Where is Salmonella most commonly found? What are the symptoms of Salmonella? How is Salmonella transmitted? Which is the treatment for Salmonella? What should I know about antimicrobial resistance and Salmonella? How to control and prevent Salmonella? What are the main types of Salmonella? What are the different strains of Salmonella? What toxins does Salmonella produce? Non-typhoidal Salmonella Typhoidal Salmonella How long does it take to get over Salmonella? In which conditions is Salmonella resistant? How to prevent and control Salmonella at a household level and retailers? How to prevent and control Salmonella in feed and feed ingredients? How to control Salmonella in poultry? This post is also available in: Español (Spanish) हिन्दी (Hindi) Salmonella is a genus of a gram-negative, rod-shaped motile bacteria. It belongs to the Enterobacteriaceae family. Most types of Salmonella cause salmonellosis (foodborne illness), while some other types of Salmonella cause typhoid fever or paratyphoid fever. The most common species of Salmonella are: Salmonella enterica is divided into six strains. Each strain has distinct genetic and antigenic characteristics, which contribute to differences in their pathogenicity, host range, and disease manifestations. Salmonella Typhimurium: This strain is one of the most prevalent causes of salmonellosis worldwide. It can infect a broad range of hosts, including humans, livestock, and pets and is associated with gastroenteritis in humans and animals. Salmonella Enteritidis: S. Enteritidis is another significant cause of salmonellosis, particularly associated with contaminated eggs and poultry products. It is known for causing gastrointestinal illness in humans. Salmonella Typhi: Unlike many other Salmonella strains, which primarily cause self-limiting gastroenteritis, S. Typhi is responsible for typhoid fever. It is transmitted through contaminated food or water and can lead to a severe infection. Typhoid fever is a more serious condition that requires medical attention. Salmonella Paratyphi: Similar to S. Typhi, S. Paratyphi causes a systemic infection known as paratyphoid fever. It is less severe than typhoid fever but shares similar symptoms. Both S. Typhi and S. Paratyphi are associated with human-to-human transmission. Salmonella produces endotoxins and exotoxins. The exotoxins of Salmonella are divided into: Endotoxins: Salmonella bacteria have endotoxins on their outer membrane. When the bacteria are destroyed or broken apart, these endotoxins are released. Endotoxins can trigger an inflammatory response in the body and contribute to the symptoms of salmonellosis. Enterotoxins: Salmonella can produce enterotoxins that affect the small intestine. These toxins disrupt the normal function of the intestinal cells, leading to increased secretion of water and electrolytes into the intestines. Cytotoxins: Some strains of Salmonella produce cytotoxins that can damage host cells. These toxins can cause cell death or impair cellular function, contributing to tissue damage and inflammation. It’s important to note that the clinical picture and severity of the illness can vary among different Salmonella strains, and certain strains may be more prevalent in specific geographical regions or associated with particular food sources. According to Baiyan Cong et al., 2002; non-typhoidal Salmonella is a common cause of bacterial enteritis in humans, causing 93.8 million cases and 155,000 gastroenteritis deaths globally every year. In the European Union, there are over 91,000 reported cases of salmonellosis annually in humans, accounting for a rate of 20 cases per 100,000 individuals. According to data from the European Food Safety Authority (EFSA), it is estimated that the economic burden of salmonellosis worldwide amounts to approximately €3 billion per year. In US, CDC estimates Salmonella bacteria cause about 1.35 million infections, 26,500 hospitalizations, and 420 deaths annually. Everyone who consumes contaminated food or water is at risk. However, the population groups susceptible to Salmonella infections are: Salmonella infections can be contracted from a wide range of food sources, including (undercooked) poultry, beef, pork, eggs, milk, fruits, sprouts, various vegetables, as well as processed foods like nut butter, raw egg desserts, mayonnaise, frozen pot pies, flour, peanut butter, dried milk products, chocolates, prepackaged salads and others. Apart from the food sources, people can get Salmonella infection from contaminated water and by touching infected animals, their feces, or their environment. It is important to note that contaminated foods usually look and smell normal, but it is not safe to eat them. Regarding non-typhoidal Salmonella, typically symptoms appear within 6 to 72 hours after exposure. The symptoms can last up to 7 days, they vary in severity and may include the following: Diarrhea, abdominal cramps, fever, nausea and vomiting, headaches, muscle pain or blood in the stool, rarely leading to bacteremia or meningitis. Typhoidal Salmonella refers to a specific group of Salmonella serotypes that cause systemic illness in humans, leading to a severe life-threatening condition known as typhoid fever (enteric fever). These serotypes include Salmonella Typhi and Salmonella Paratyphi. The clinical picture of typhoid fever includes fever, headache, anorexia, malaise, myalgias and sometimes cough. The symptoms appear after an incubation period of 10 to 14 days. It is more common in developing countries. For most people, the symptoms will last for 5 to 7 days. However, depending on the strain and the severity, it is possible to last longer. Transmission can occur through various routes. The main modes of transmission are: Salmonella can be introduced through people, clothing, footwear, vehicles, utensils, equipment, litter, pests, rodents, food, feed, wild birds or pets. Non-typhoidal salmonellosis is a global illness that affects both humans and animals. Animals are the primary source of the bacteria, and the disease is typically transmitted through contaminated food. However, person-to-person transmission is also possible. On the other hand, the Salmonella strains responsible for Typhoid fever and other enteric fevers are primarily spread from one person to another through the fecal-oral route and do not have significant animal reservoirs. If you suspect you have a Salmonella infection or have concerns about your symptoms, it is recommended to consult a healthcare professional for proper diagnosis and guidance. Antimicrobial resistance occurs when bacteria and fungi become resistant to the drugs meant to eliminate them, allowing them to survive and multiply. Salmonella is showing increasing resistance to important antibiotics, which can reduce treatment choices for severe infections. One effective approach to combat antimicrobial resistance is the responsible and appropriate use of antibiotics. Regarding your facilities, you need specific prevention or control measures. The most important measures are appropriate hygienic practices, thorough cooking and refrigeration. Below you can find different prevention and control measures depending on the facilities you are. Alphons J.A.M. van Asten , Jaap E. van Dijk, Distribution of “classic” virulence factors among Salmonella spp., FEMS Immunology & Medical Microbiology, Volume 44, Issue 3, June 2005, Pages 251–259, https://doi.org/10.1016/j.femsim.2005.02.002 Centers for Disease Control and Prevention, National Center for Emerging and Zoonotic Infectious Diseases (NCEZID), Division of Foodborne, Waterborne, and Environmental Diseases (DFWED) Ontario Ministry of Health, Ministry of Long-Term Care, Salmonellosis Gong Baiyan, Li Hong, Feng Yulian, Zeng Shihan, Zhuo Zhenxu, Luo Jiajun, Chen Xiankai, Li Xiaoyan, 2022, Prevalence, Serotype Distribution and Antimicrobial Resistance of Non-Typhoidal Salmonella in Hospitalized Patients in Conghua District of Guangzhou, China, Frontiers in Cellular and Infection Microbiology, 12, DOI=10.3389/fcimb.2022.805384 Popa GL, Papa MI. Salmonella spp. infection – a continuous threat worldwide. Germs. 2021 Mar 15;11(1):88-96. doi: 10.18683/germs.2021.1244. PMID: 33898345; PMCID: PMC8057844. Giannella RA. Salmonella. In: Baron S, editor. Medical Microbiology. 4th edition. Galveston (TX): University of Texas Medical Branch at Galveston; 1996. Chapter 21. Available from: https://www.ncbi.nlm.nih.gov/books/NBK8435/ F.T. Jones, 2011, A review of practical Salmonella control measures in animal feed, Journal of Applied Poultry Research, Volume 20, Issue 1, Pages 102-113, ISSN 1056-6171, https://doi.org/10.3382/japr.2010-00281. Salmonella is a genus of a gram-negative, rod-shaped motile bacteria. It belongs to the Enterobacteriaceae family. Most types of cause salmonellosis (foodborne illness), while some other types of cause typhoid fever or paratyphoid fever. Salmonella enterica Salmonella bongori is divided into six strains. Each strain has distinct genetic and antigenic characteristics, which contribute to differences in their pathogenicity, host range, and disease manifestations. What are the different strains of This strain is one of the most prevalent causes of salmonellosis worldwide. It can infect a broad range of hosts, including humans, livestock, and pets and is associated with gastroenteritis in humans and animals. S. Enteritidis is another significant cause of salmonellosis, particularly associated with contaminated eggs and poultry products. It is known for causing gastrointestinal illness in humans. Unlike many other Salmonella strains, which primarily cause self-limiting gastroenteritis, S. Typhi is responsible for typhoid fever. It is transmitted through contaminated food or water and can lead to a severe infection. Typhoid fever is a more serious condition that requires medical attention. Similar to S. Typhi, S. Paratyphi causes a systemic infection known as paratyphoid fever. It is less severe than typhoid fever but shares similar symptoms. Both S. Paratyphi are associated with human-to-human transmission. enterotoxins and cytotoxins : bacteria have endotoxins on their outer membrane. When the bacteria are destroyed or broken apart, these endotoxins are released. Endotoxins can trigger an inflammatory response in the body and contribute to the symptoms of salmonellosis. can produce enterotoxins that affect the small intestine. These toxins disrupt the normal function of the intestinal cells, leading to increased secretion of water and electrolytes into the intestines. Some strains of produce cytotoxins that can damage host cells. These toxins can cause cell death or impair cellular function, contributing to tissue damage and inflammation. that the clinical picture and severity of the illness can vary among different strains, and certain strains may be more prevalent in specific geographical regions or associated with particular food sources. Oxygen requirements: facultative anaerobe Temperature range for growth: 5-47 ºC pH range for growth: 3.5 – 9.6 Water activity: 0.9 – 0.95 minimum Non-spore-forming Heat sensitive Survives in refrigerated, frozen, or dehydrated foods for long periods What is the incidence and prevalence of ? In US, CDC estimates bacteria cause about 1.35 million infections, 26,500 hospitalizations, and 420 deaths annually. Which population groups are at higher risk of being infected by Everyone who consumes contaminated food or water is at risk. However, the population groups susceptible to infections are: Children under the age of 5. Infants and adults aged 65 and older. People with a weakened immune system People taking certain medicines (for example, stomach acid reducers) Where is most commonly found? Salmonella infections can be contracted from a wide range of food sources, including (undercooked) , pork, , fruits, sprouts, various vegetables, as well as processed foods like nut butter, raw egg desserts, mayonnaise, frozen pot pies, flour, peanut butter, dried milk products, chocolates, prepackaged salads and others. Apart from the food sources, people can get infection from contaminated water and by touching infected animals, their feces, or their environment. What are the symptoms of Non-typhoidal Regarding non-typhoidal , typically symptoms appear within 6 to 72 hours after exposure. The symptoms can last up to 7 days, they vary in severity and may include the following: Diarrhea, abdominal cramps, fever, nausea and vomiting, headaches, muscle pain or blood in the stool, rarely leading to bacteremia or meningitis. Typhoidal Salmonella refers to a specific group of Salmonella serotypes that cause systemic illness in humans, leading to a severe life-threatening condition known as typhoid fever (enteric fever). These serotypes include Salmonella Typhi Salmonella Paratyphi. The clinical picture of typhoid fever includes fever, headache, anorexia, malaise, myalgias and sometimes cough. The symptoms appear after an incubation period of 10 to 14 days. It is more common in developing countries. How is transmitted? Foodborne Waterborne Person to person Animal contact Which is the treatment for What should I know about antimicrobial resistance and How to control and prevent Regarding your facilities, you need specific prevention or control measures. The most important measures are appropriate hygienic practices, thorough cooking and refrigeration. How to prevent and control at a household level and retailers? in feed and feed ingredients? How to control in poultry? Alphons J.A.M. van Asten , Jaap E. van Dijk, Distribution of “classic” virulence factors among spp., FEMS Immunology & Medical Microbiology , Volume 44, Issue 3, June 2005, Pages 251–259, https://doi.org/10.1016/j.femsim.2005.02.002 Giannella RA. Salmonella. In: Baron S, editor. Medical Microbiology. 4th edition. Galveston (TX): University of Texas Medical Branch at Galveston; 1996. Chapter 21. Available from: https://www.ncbi.nlm.nih.gov/books/NBK8435/ F.T. Jones, 2011, A review of practical Salmonella control measures in animal feed, Journal of Applied Poultry Research, Volume 20, Issue 1, Pages 102-113, ISSN 1056-6171, https://doi.org/10.3382/japr.2010-00281 foodborne diseases"
https://wikifarmer.com/what-are-mycotoxins-in-food-and-feed/,10/19/2023 20:03,"What are mycotoxins in food and feed? Factors influencing mycotoxin production and contamination in foods What are the implications for animal productivity, feed security and human health? How can nanotechnology be used to prevent and eliminate mycotoxin contamination in the food and feed supply chain? This post is also available in: Français (French) हिन्दी (Hindi) Ελληνικά (Greek) Português (Portuguese (Brazil)) Mycotoxins are a major global concern and a significant challenge for food safety due to their harmful effects. Their prevalence in food crops has been suggested to be in the range of 60–80% and over USD 932 million annual financial losses in agricultural commodities contaminated with mycotoxins reported globally (1),(2). These low molecular weight toxic metabolites originate from mycotoxigenic fungi such as Aspergillus, Alternaria, Fusarium and Penicillium spp.; and contaminate various categories of foods and feeds (3),(4). Over 400 mycotoxins have been classified as toxic, and the harmful effects of mycotoxicosis caused by mycotoxin contamination in humans have been documented, including necrosis, hepatitis, haemorrhage, gynecomastia with testicular atrophy, neurological disorders, cancer and death in extreme cases (1),(5),(6). Likewise, animal feedstuff contaminated with mycotoxins can lead to reductions in available feed nutrients, chronic diseases, damage to animal health, eventual death and reduced production (7). The most toxic types of mycotoxins are aflatoxins (AF) and ochratoxins (OT) (8). AFB1 is a strong hepatocarcinogenic mycotoxin mostly detected in cereals, nuts, grains and feeds, and AFB1 and AFB2 can be converted to hydroxylated AFM1 and AFM2 in lactating cattle after ingestion via contaminated feedstuff. In contrast, OTA with hepatotoxic and nephrotoxic effects is mostly detected in cereals, coffee, wine, grape juice and dried fruits (9),(10). Therefore, there is an urgent need for appropriate approaches and techniques for reducing and/or eliminating the presence of mycotoxins in foods. The chemical structures of the main mycotoxins in foods are presented in Fig. 1, while the classes of mycotoxins based on symptoms and diseases caused to animals and humans are presented in Table 1. Figure 1. Chemical structures of the main mycotoxins in foods (11). Table 1. Classes of mycotoxins based on symptoms and diseases caused to animals and humans (11). The risk of food contamination by mycotoxins can be increased from the environmental, agronomic and socioeconomic points of view and be found in all segments of the animal feed supply chain (Figure 2). Figure 2. Factors affecting mycotoxin occurrence in the human food and animal feed chains. (adapted from Pestka and Casale, 1990) (12) Mycotoxins can grow on a wide range of agricultural and food products. The most common source of exposure to humans are contaminated cereals, cereal-based products and food produced by animals exposed to mycotoxins. Contamination can occur from pre-harvest to postharvest stages along the food management chain and the presence of fungi does not necessarily translate to mycotoxin contamination, as mycotoxins production conditions are specific and independent of fungal growth conditions. The food safety management system (FSMS) is a preparedness, monitoring, and prevention system for managing food hygiene and safety in food-related businesses. It has been suggested as a potential approach for influencing or preventing mycotoxin production in agricultural products and foods. T The FSMS was seen as a practical tool for controlling the food production process and environment to ensure the safety of the final products for consumption and typically includes procedures and management policies based on good hygiene practices (GHP), good agricultural practices (GAP), good storage practices (GSP), good manufacturing practices (GMP) and hazard analysis and critical control point (HACCP). Food safety control can be achieved by monitoring at all stages and the implementation of proper processing conditions for reducing mycotoxigenic fungi and by extension controlling the presence of mycotoxins in food products. Implementation of the prerequisite programs like the HACCP-based procedures can reduce mycotoxin contamination, while conventional chemical, biological and physical methods can be employed for detoxification after contamination. A comprehensive manual on the application of the HACCP system for controlling and preventing mycotoxin production identifies stages for monitoring systems and steps in processing where mycotoxins can be prevented or eradicated (13),(14). Due to growing resistance to conventional methods and their difficulties, there is a need to develop new and innovative strategies that can rapidly eliminate mycotoxins with minimal impact on quality and within a short processing time. (11). The conventional methods i.e., physical, chemical and biological strategies for detoxifying mycotoxins in foods, are shown in Fig. 3. Fig. 3. Conventional methods: (A) physical, (B) chemical, and (C) biological for detoxifying mycotoxins in foods (11). Mycotoxin occurrence and contamination along the agricultural produce, food and animal feedstuff management chain are of global concern owing to their toxicity,the danger they pose to both human and animal health, and the associated economic losses. Even with the implementation of the prerequisite programs of the food management systems like GAP, GMP, GSP, GHP and HACCP-based procedures at the appropriate stages of pre-harvest, postharvest and processing, mycotoxin contamination is unavoidable (14). Early and swift detection is therefore vital for elimination, the overall safety of foods, and preventing related health problems. Increasing consumer awareness of food safety, regulatory issues, the potential formation of carcinogenic by-products, limited efficiency and possible alterations in quality have limited the applications of conventional chemical, biological and physical detoxifying methods. Besides, increasing resistance, especially by new strains to the conventional methods has geared research towards innovative strategies for the rapid control, reduction and elimination of mycotoxins in foods with short processing time and negligible impact on morphological, physicochemical, textural and structural properties of food and the environment as well. Magnetic materials and nanoparticles present great potential in various aspects of the food, agriculture and livestock industries. Their adsorbent capability on mycotoxins is a great addition. However, like the phytochemical inhibitors, the application is still in infancy. Studies have recently emerged to support the eco-friendly, low-cost and effective means of controlling mycotoxins through the use of magnetic materials and nanoparticles. For example, magnetic particles ( Fe₃O₄) that were coated with chitosan were shown to be effective for the adsorption of patulin from fruit juice. The conjugation of nanocellulose with retinoic acid could adsorb AFB1 from a variety of food items without any trace of toxicity, depending on the concentration and pH (15), (16). Magnetic nanoparticles like nano-clay, nano-gel, surface-active maghemite, nanomaterials like zinc oxide nanoparticles (ZON), silver nanoparticles (SLN), copper nanoparticles and selenium nanoparticles (SEN) were effective for removing and binding mycotoxins in agricultural feedstuff and foods (17), (18). Scientists (19) reviewed the key properties of carbon nanoparticles such as fullerenes, carbon nanotubes and graphene (native graphene (G), graphene oxide (GO) and reduced graphene (rGO)) and the possible binding interaction with mycotoxins (Fig. 4). Mycotoxins can be bound to the surface, bundles, grooves, or channels between these nanoparticles through different binding interaction, but so far, the interaction of NPs with the individual components of the fungi cells is still lacking and yet to be investigated. Figure 4. Binding interactions of carbon nanoparticles with mycotoxins, i.e., (A) fullerenes, (B) carbon nanotubes and (C) grapheme. Mycotoxins pose a significant risk to the health and well-being of humans and animals and are a significant food safety issue. Despite the research effort that has attempted to delineate the multiple aspects of mycotoxin contamination of the human food and animal feed supply chains, many questions still need to be answered. Although mycotoxicoses have been known for centuries, it is only in the last 50 years that we have achieved an understanding of the production, chemistry and biological effects of these natural feed contaminants (20). In that time, strategies have been developed, including agronomic practices, plant breeding and transgenics, biotechnology, toxin binding and deactivating feed additives, and education of feed suppliers and animal producers to reduce mycotoxin contamination and exposure (21). Nevertheless, it has proven difficult to control the exposure of man and animals to these natural environmental compounds. This is a significant global issue of food and feed security and we will have to live with some degree of risk. The situation is further complicated when it is appreciated that there are many thousand secondary fungal metabolites (22), the vast majority of which have not been tested for toxicity or associated with disease outbreaks or reduced animal productivity. However, with increased awareness and ongoing surveillance for mycotoxins, the feed industry and animal producers will produce better and safer products. prevalence in food crops has been suggested to be in the range of contaminated with mycotoxins reported globally (1),(2). These low molecular weight toxic metabolites originate from such as ; and contaminate various categories of foods and feeds (3),(4). , including necrosis, hepatitis, haemorrhage, gynecomastia with testicular atrophy, neurological disorders, cancer and death in extreme cases (1),(5),(6). Likewise, can lead to reductions in available feed nutrients, chronic diseases, damage to animal health, eventual death and reduced production (7). The most toxic types of mycotoxins are (8). mostly detected in , and AFB1 and AFB2 can be converted to hydroxylated AFM1 and AFM2 in lactating cattle after ingestion via contaminated feedstuff. In contrast, with is mostly detected in (9),(10). Therefore, there is an urgent need for appropriate approaches and techniques for reducing and/or eliminating the presence of mycotoxins in foods. The chemical structures of the main mycotoxins in foods are presented in , while the classes of mycotoxins based on symptoms and diseases caused to animals and humans are presented in (11) ). Mycotoxins can grow on a wide range of agricultural and food products. The most common source of exposure to humans are contaminated . Contamination can occur from and the presence of fungi does not necessarily translate to mycotoxin contamination, as mycotoxins production conditions are specific and independent of fungal growth conditions. is a preparedness, monitoring, and prevention system for managing food hygiene and safety in food-related businesses. It has been suggested as a potential approach for influencing or preventing mycotoxin production in agricultural products and foods. The FSMS was seen as a practical tool for controlling the food production process and environment to ensure the safety of the final products for consumption and typically includes procedures and management policies based on can be achieved by monitoring at all stages and the implementation of proper processing conditions for reducing mycotoxigenic fungi and by extension controlling the presence of mycotoxins in food products. Implementation of the like the . A comprehensive manual on the application of the HACCP system for controlling and preventing mycotoxin production identifies stages for monitoring systems and steps in processing where mycotoxins can be prevented or eradicated (13),(14). Due to growing resistance to conventional methods and their difficulties, there is a need to develop new and innovative strategies that can rapidly eliminate mycotoxins with minimal impact on quality and within a short processing time. (11). The conventional methods i.e., physical, chemical and biological strategies for detoxifying mycotoxins in foods, are shown in Mycotoxin occurrence and contamination along the agricultural produce, food and animal feedstuff management chain are of global concern owing to their toxicity,the danger they pose to both human and animal health, and the associated economic losses. (14). , the overall safety of foods, and preventing related health problems. Increasing consumer awareness of food safety, regulatory issues, the potential formation of carcinogenic by-products, limited efficiency and possible alterations in quality have limited the applications of conventional chemical, biological and physical detoxifying methods. Besides, to the conventional methods has geared research towards with short processing time and present great potential in various aspects of the food, agriculture and livestock industries. Their adsorbent capability on mycotoxins is a great addition. However, like the phytochemical inhibitors, the . Studies have recently emerged to support the of controlling mycotoxins through the use of . For example, Fe₃O₄ that were coated with chitosan were shown to be effective for the adsorption of patulin from fruit juice. The conjugation of nanocellulose with retinoic acid could adsorb AFB1 from a variety of food items without any trace of toxicity, depending on the concentration and pH (15), (16). like , nanomaterials like were effective for removing and binding mycotoxins in agricultural feedstuff and foods (17), (18). Scientists (19) reviewed the key properties of such as fullerenes, carbon nanotubes and (native graphene (G), graphene oxide (GO) and reduced graphene (rGO)) and ). Mycotoxins can be bound to the surface, bundles, grooves, or channels between these nanoparticles through different binding interaction, but so far, the interaction of NPs with the individual components of the fungi cells is still lacking and yet to be investigated. Mycotoxins pose a significant risk to the health and well-being of humans and animals and are . Despite the research effort that has attempted to delineate the multiple aspects of mycotoxin contamination of the human food and animal feed supply chains, many questions still need to be answered. Although mycotoxicoses have been known for centuries, (20). In that time, strategies have been developed, including to reduce mycotoxin contamination and exposure (21). Nevertheless, it has proven difficult to control the exposure of man and animals to these natural environmental compounds. This is a significant global issue of food and feed security and . The situation is further complicated when it is appreciated that there are (22), . However, with increased awareness and ongoing surveillance for mycotoxins, the feed industry and animal producers will produce better and safer products. aflatoxin binding interactions mycotoxins symptoms ochratoxin"
https://wikifarmer.com/what-are-potential-food-safety-risks-in-cereals/,10/19/2023 20:03,"Potential Food Safety Risks in Cereals Zacharoula Theodorakopoulou Which are the Potential Food Safety Risks in Cereals? Chemical Risks in Cereals Biological Risks in Cereals Physical Risks in Cereals Food Scientist & Technologist This post is also available in: Español (Spanish) Français (French) Deutsch (German) हिन्दी (Hindi) Ελληνικά (Greek) Português (Portuguese (Brazil)) Cereal grains are a prominent food source for humans and animals and are grown in many parts of the world. China is the largest producer of cereal grains, with an annual production of over 612 million tons[1]. In 2021, the global production of cereals was reported to be 3.7 billion tons.[2] To fulfill the high demand for cereal production, farmers must be aware of the risks associated with growing and storing cereal grains. A benefit of maintaining cereal grain health is that they are living organisms with a slow metabolism. Yet, risks can occur in cereal grains before and after harvesting and can be classified under the main food hazard categories; chemical, biological, and physical. Artificial and naturally occurring chemical substances, called pesticides, are frequently used in farming to control, prevent or destroy any pests and diseases which may invade crops. To ensure safety, regulations are in place that determine the maximum allowable limits of pesticide residue in both organic and conventional crops. Mold (fungi) can produce toxic compounds, mycotoxins, most commonly in cereals, dried fruits, and nuts. Mycotoxin exposure can occur primarily by eating contaminated food or indirectly by consuming products, for example, milk from animals that have been fed the contaminated crop. The most prevalent mycotoxins in cereal include aflatoxins, ochratoxins, patulin, fumonisins, zearalenone, and deoxynivalenol. Another chemical threat is heavy metals, including lead, cadmium, and mercury. Their contamination in cereals may occur in the field or during harvesting, storing, or processing. Commonly, cereals absorb heavy metals from the soil. Exposure to such chemical risks can result in a range of negative effects on health. These can include acute poisoning, foodborne illness, and long-term accumulation of the side effects. These risks have been associated with health problems such as immune deficiency, kidney diseases, cancer, and renal tubular dysfunction. Biological risks in cereals come from microorganisms like bacteria, fungi, and yeasts. These organisms can harm cereal health and grain safety when conditions like temperature, moisture, and pH are propitious for their growth. Fungi infection may occur before or after the harvesting period. In the first instance, fungi can act with humidity levels over 25%, while in the second case, it could be below 17%. Certainly, their presence depends on many different factors other than humidity, such as temperature, oxygen content, storage time, and grain condition. Aspergillus flavus and Aspergillus parasiticus are some of the most notorious fungi that produce toxins, aflatoxins which are previously mentioned in chemical risks. Cereals are raw agricultural products, so they contain a microbial load. However, bacterial contamination is observed the least in this product category since cereal grains are dry, and bacteria thrive in specific temperatures and high moisture content conditions. Thus, when cereal grains have high moisture content, bacterial contamination emerges. It is worth mentioning that most of these contaminants can influence final products, such as bread. Bacillus cereus, Salmonella, Clostridium botulinum, and Escherichia coli are only some of the pathogens that affect cereals. In a 2022 risk ranking conducted by FAO[3] aimed to support microbiological management for low-moisture food, cereals were examined alongside other low-moisture foods like dried fruits and vegetables, nuts and nut products, seeds, confectionery, and snacks. The results showed that cereal grains scored the highest in three out of four of the evaluation criteria (international trade, the burden of disease, vulnerabilities due to food consumption, and vulnerabilities due to food production). FAO emphasized the need to control microbiological hazards in cereals and other low-moisture foods to protect consumer health. An extraneous plant piece, weed, metal, pest, or plastic part are some examples of physical risks in foodstuffs. Ultimately, physical risks account for foreign bodies that somehow end up in food and are not intended for consumption. Their consequences on human and animal health are diverse, from poisoning to causing injuries. Physical risks may occur when any foreign matter enters the product during harvesting, processing, storing, or transporting. Insects, rodents, and mites are significant potential and frequent dangers for cereal grains. Depending on the pest, they tend to both pierce the grain or nourish from its fragments or by potential fungi presence. To minimize the potential food safety risks associated with cereal grains, farmers need to take measures towards implementing good agricultural practices and monitoring the contaminants. This includes making sure that they have handled, processed, transported, and stored their crops properly. For instance, facilities need to be clean and well-maintained according to regulated standards in a dry, cool storage place to avoid mold growth. By taking these precautions, farmers can ensure that cereal grains continue to be a safe, available, and nutritious food source for humans and animals around the globe. [1] https://www.atlasbig.com/en-ie/countries-by-total-cereal-production [2] https://data.worldbank.org/indicator/AG.PRD.CREL.MT?end=2021&start=2017 [3] https://www.fao.org/3/cc0763en/cc0763en.pdf Oluwadara Alegbeleye, Olumide Adedokun Odeyemi, Mariyana Strateva, Deyan Stratev, Microbial spoilage of vegetables, fruits and cereals, Applied Food Research, Volume 2, Issue 1, 2022, 100122, ISSN 2772-5022, https://doi.org/10.1016/j.afres.2022.100122. Cereal grains are a prominent food source for humans and animals and are grown in many parts of the world. China is the largest producer of cereal grains, with an annual production of over 612 million tons [1] . In 2021, the global production of cereals was reported to be 3.7 billion tons. [2] Artificial and naturally occurring chemical substances, called pesticides , are frequently used in farming to control, prevent or destroy any pests and diseases which may invade crops. To ensure safety, regulations are in place that determine the maximum allowable limits of pesticide residue in both organic and conventional crops. Mold (fungi) can produce toxic compounds, mycotoxins , most commonly in cereals, dried fruits, and nuts. Mycotoxin exposure can occur primarily by eating contaminated food or indirectly by consuming products, for example, milk from animals that have been fed the contaminated crop. The most prevalent mycotoxins in cereal include aflatoxins, ochratoxins, patulin, fumonisins, zearalenone, and deoxynivalenol. Another chemical threat is heavy metals , including lead, cadmium, and mercury. Their contamination in cereals may occur in the field or during harvesting, storing, or processing. Commonly, cereals absorb heavy metals from the soil. Fungi infection may occur before or after the harvesting period. In the first instance, fungi can act with humidity levels over 25%, while in the second case, it could be below 17%. Certainly, their presence depends on many different factors other than humidity, such as temperature, oxygen content, storage time, and grain condition. Aspergillus flavus Aspergillus parasiticus are some of the most notorious fungi that produce toxins, aflatoxins which are previously mentioned in chemical risks. Cereals are raw agricultural products, so they contain a microbial load. However, bacterial contamination is observed the least in this product category since cereal grains are dry, and bacteria thrive in specific temperatures and high moisture content conditions. Thus, when cereal grains have high moisture content, bacterial contamination emerges. It is worth mentioning that most of these contaminants can influence final products, such as bread. , Salmonella, Escherichia coli are only some of the pathogens that affect cereals. In a 2022 risk ranking conducted by FAO [3] An extraneous plant piece weed metal pest , or plastic part are some examples of physical risks in foodstuffs. Ultimately, physical risks account for foreign bodies that somehow end up in food and are not intended for consumption. Their consequences on human and animal health are diverse, from poisoning to causing injuries. Oluwadara Alegbeleye, Olumide Adedokun Odeyemi, Mariyana Strateva, Deyan Stratev, Microbial spoilage of vegetables, fruits and cereals, Applied Food Research, Volume 2, Issue 1, 2022, 100122, ISSN 2772-5022, https://doi.org/10.1016/j.afres.2022.100122 cereals safety risks"
https://wikifarmer.com/biological-hazards-in-food/,10/19/2023 20:03,"Which are the biological hazards in food? Bacteria that can cause Foodborne illnesses Viruses that can cause Foodborne illnesses Parasites that can cause Foodborne illnesses Other biological hazards Which are the food safety hazards? Consuming food that contains harmful microorganisms and their toxins can result in foodborne illnesses. These illnesses can occur as a result of either infection or intoxication or sometimes a combination of both. Infectious microorganisms can harm the host by outcompeting beneficial microorganisms, depleting host resources, and causing damage to host tissues. Foodborne bacteria are microorganisms that can contaminate food and cause illness when consumed. These bacteria can be naturally present in the environment (soil, water, air), on the surfaces of raw foods, or introduced through improper handling, processing, or storage practices. The main bacteria associated with foodborne illnesses include: The toxins that are produced by some bacteria are presented below: Unlike other microorganisms, viruses are composed of distinct segments of DNA or RNA surrounded by a protein coat, and they are unable to survive without a living host. The infectiousness and pathogenicity of viruses vary depending on the specific combination of DNA/RNA and protein coating. Viruses are particularly associated with food safety concerns, can survive in different types of food, and are typically resistant to common food preservation methods. Viruses are commonly introduced into food either due to improper handling practices by individuals infected with the virus, which includes inadequate personal hygiene practices, or through the presence of contaminated food ingredients, such as contaminated water used during food preparation (e.g. cooking and freezing). The main viruses associated with foodborne illnesses include: Parasites are organisms that rely on their host organism for growth and reproduction. Typically they do not provide any benefits and can be harmful to the host. Parasites are often involved in causing foodborne illnesses. Prions are another type of biological hazard that can pose risks to food safety. These infectious agents, which are proteinaceous infectious particles, are responsible for causing various diseases in both humans and animals. One well-known example is BSE, commonly referred to as “Mad Cow Disease,” which affects the nervous system of cattle and is a progressive and fatal condition. BSE is classified as a transmissible spongiform encephalopathy (TSE). Other TSEs include scrapie in sheep and chronic wasting disease in deer and elk. In humans, consuming BSE-infected cattle is believed to be linked to Creutzfeldt-Jakob disease. The presence of prions is associated with BSE, although the exact cause of the disease remains unknown. Listeria monocytogenes Salmonella spp. Bacillus cereus Campylobacter jejuni Clostridium perfringens Escherichia coli 0157:H7 Escherichia coli 0104:H4 Staphylococcus aureus Vibrio parahaemolyticus Vibrio vulnificus Shigella spp. Yersinia enterocolitica Cronobacter sakazakii Norovirus Enteric Virus Hepatitis A virus Rotavirus Toxoplasma gondii Trichinella spiralis Cryptosporidium parvum Giardia sp. Taenia spp. biological hazards"
https://wikifarmer.com/food-safety-hazards/,10/19/2023 20:03,"What is a food safety hazard? What are the 4 types of Food Hazards? Chemical Hazards on Food Allergens in Food A food safety hazard is an agent that can potentially harm consumers’ health. These hazards arise when food comes into contact with dangerous agents, leading to food contamination. The main food safety hazards until recently were biological, chemical, and physical related hazards. Since there are hazards related to the nature and composition of a product, allergens were added as the fourth category. These hazards can enter the food supply chain at all stages, starting from harvesting and continuing through formulation and processing, packaging and labeling, transportation, storage, preparation, and serving. Biological hazards occur when hazardous or pathogenic microorganisms and their metabolic products, toxins are introduced to food and thus pose a food safety concern to consumers. Biological hazards include bacteria, viruses, and parasites of public health significance. Biological hazards in food can originate from environmental sources like soil bacteria and agricultural run-off, as well as from improper sanitation practices and cross-contamination during transportation, handling, processing, and storage. The growth and impact of microorganisms in food are influenced by factors such as the food’s characteristics, the packaging conditions, and the storage environment. Chemical hazards in food refer to the presence of harmful substances or chemicals that can pose risks to human health when consumed. These hazards can arise from various sources, including agricultural practices, food processing and manufacturing, packaging materials, and environmental contaminants. Physical hazards in food can be categorized as either foreign materials that are accidentally introduced during production or naturally occurring objects that can pose a risk to consumers. These hazards can contaminate food products at any point during the production process. It is essential for food processors to implement appropriate measures to prevent physical hazards from occurring in food. The last category is allergens. Food allergies are abnormal responses to food. The immune system is involved as a defense mechanism that identifies the specific food as an invader or allergen. Then the immune system reacts to the invader by producing immunoglobulin E (IgE) antibodies. The type of IgE produced depends on the type of allergen. A food allergy can cause life-threatening reactions by eating, touching, or inhaling even microscopic amounts of food. Depending on the country you are in, more or less allergens have been identified as majors. References, ESFA, Chemical contaminants in food and feed Government of Canada, Chapter 4: Food Safety Hazards Antonella Cianferoni, Jonathan M Spergel, Food Allergy: Review, Classification and Diagnosis, Allergology International, Volume 58, Issue 4, 2009, Pages 457-466, ISSN 1323-8930, https://doi.org/10.2332/allergolint.09-RAI-0138. Food Standards Agency, Government of UK, Allergen guidance for food businesses Government of Canada, Province of Manitoba, Physical Hazards in Food Iweala OI, Choudhary SK, Commins SP. Food Allergy. Curr Gastroenterol Rep. 2018 Apr 5;20(5):17. doi: 10.1007/s11894-018-0624-y. PMID: 29623490; PMCID: PMC5940350. Harvard Medical School, 2021, Common food additives and chemicals harmful to children Jain A, Mathur P. Evaluating Hazards Posed by Additives in Food- A Review of Studies Adopting A Risk Assessment Approach. Curr Res Nutr Food Sci 2015;3(3). http://dx.doi.org/10.12944/CRNFSJ.3.3.08 University of Nebraska, Institute of Agriculture and Natural Resources, Food Allergy research and resource program Forbes JD. Clinically Important Toxins in Bacterial Infection: Utility of Laboratory Detection. Clin Microbiol Newsl. 2020 Oct 15;42(20):163-170. doi: 10.1016/j.clinmicnews.2020.09.003. Epub 2020 Oct 7. PMID: 33046946; PMCID: PMC7541054. Senesi S, Ghelardi E. Production, secretion and biological activity of Bacillus cereus enterotoxins. Toxins (Basel). 2010 Jul;2(7):1690-703. doi: 10.3390/toxins2071690. Epub 2010 Jun 29. PMID: 22069656; PMCID: PMC3153264. Rather IA, Koh WY, Paek WK, Lim J. The Sources of Chemical Contaminants in Food and Their Health Implications. Front Pharmacol. 2017 Nov 17;8:830. doi: 10.3389/fphar.2017.00830. PMID: 29204118; PMCID: PMC5699236. Ssemugabo C, Bradman A, Ssempebwa JC, Sillé F, Guwatudde D. Pesticide Residues in Fresh Fruit and Vegetables from Farm to Fork in the Kampala Metropolitan Area, Uganda. Environ Health Insights. 2022 Jul 10;16:11786302221111866. doi: 10.1177/11786302221111866. PMID: 35846167; PMCID: PMC9277444. Antonella Cianferoni, Jonathan M Spergel, Food Allergy: Review, Classification and Diagnosis, Allergology International, Volume 58, Issue 4, 2009, Pages 457-466, ISSN 1323-8930, https://doi.org/10.2332/allergolint.09-RAI-0138 Jain A, Mathur P. Evaluating Hazards Posed by Additives in Food- A Review of Studies Adopting A Risk Assessment Approach. Curr Res Nutr Food Sci 2015;3(3). http://dx.doi.org/10.12944/CRNFSJ.3.3.08 food hazards"
https://wikifarmer.com/home-food-preservation/,10/19/2023 20:03,"Home Food Preservation Canning Freezing Drying Fermenting and pickling This post is also available in: Deutsch (German) Ελληνικά (Greek) Nowadays, consumers have become more and more interested in being informed about their food. More specifically, they search for information on what their food contains, how it is produced, its carbon footprint, etc. At the same time, they are more aware of food risks and the fact that food safety may be compromised not only during the production stages but also during storage. There are several sources of information, but not all of them are scientifically valid (1). Many webinars are also available, like the University of Minnesota Extension one. Food preservation is any of a number of methods by which food is kept from spoilage after harvest or slaughter. Food spoilage may be defined as any change that renders food unfit for human consumption. These changes may be caused by various factors, including contamination by microorganisms, infestation by insects, or degradation by endogenous enzymes (those present naturally in the food) (7). Food preservation can take place in several ways. Some of them include canning, freezing, drying, smoking, fermenting, and pickling (2). For each way of preservation, consumers must consider some specific possible risks. The main risk in canned foods is the growth of the bacterium Clostridium botulinum, which may cause botulism. This bacteria can survive in soil and water for many years, either as spores or as vegetative cells. When the conditions are ideal, the spores will produce vegetative cells that may produce a deadly toxin in just 3-4 days. An ideal environment is a food of low acidity and high moisture content, a temperature between 40 °F and 120 °F (4,4 °C and 48,8 °C), and oxygen below 2% (4). The truth is that the majority of bacteria, yeasts, and molds cannot be removed easily from food surfaces. Washing can reduce their load only slightly, while peeling and blanching can make a significant difference. Generally, if the food has been appropriately sterilized, spoilage will not occur in storage temperatures below 95 °F (35 °C). Storage temperatures between 50 °F and 70 °F (10 °C and 21 °C) are considered to be ideal for quality retention (4). Freezing is a common way of food preservation; however, many of us need to learn how to freeze our food better, properly, and for how long. Also, we must mention that freezing cannot improve the quality of any food, but it can only help preserve the product’s initial quality. Some indicative months of storage at 0 °F (-18 °C) are (3): For fruits and vegetables, the process of blanching (scalding vegetables in boiling water or steam for a short time) can stop enzymatic action, which otherwise would cause flavor, color, texture, and nutrient loss, even at 0 °F (-17 ºC). 0 °F (-17 ºC) or lower is considered the best temperature for freezing and storing food. It is always recommended to freeze foods directly after they are packed and sealed and not to overload the freezer with unfrozen food. This would increase the temperature of the frozen foods very quickly, which is undesirable. It is also suggested to leave space among new packages (with higher temperatures), so the cold air can circulate freely around them and freeze them more quickly. The principal spoilage that can occur in dried foods is insect contamination and moisture reabsorption since this type of environment is not ideal for the growth of microorganisms. There are some things to remember when it comes to dry foods (5): In fermented and pickled foods, the acidity level is as essential to their safety as it is to their organoleptic characteristics. For this reason, never change vinegar, food, or water quantities in a recipe or use vinegar of unknown acidity. In any case, there must be a minimum and uniform level of acid throughout the whole product to make it difficult for botulinum bacteria to grow. The raw material is of great importance, so we have to use fresh and firm fruits and vegetables. At the same time, we must be very careful with the proportions because they will affect both flavor and food safety in many cases (6). (7). The main risk in canned foods is the growth of the bacterium Clostridium botulinum , which may cause botulism. This bacteria can survive in soil and water for many years, either as spores or as vegetative cells. When the conditions are ideal, the spores will produce vegetative cells that may produce a deadly toxin in just 3-4 days. An ideal environment is a food of low acidity and high moisture content, a temperature between 40 °F and 120 °F (4,4 °C and 48,8 °C), and oxygen below 2% (4). 8-12 months for fruits and vegetables, 6-9 months for poultry, 3-6 months for fish, 3-4 months for ground meat, 1-2 months for cured or processed meat. Cool the food completely; if not, it will sweat, and mold will find enough moisture content to grow. Pack dried foods into clean, dry, and insect-proof containers as tightly as possible but without crushing them. Vacuum packaging is also a good option. Pack foods in quantities that can be used all at once (consumption or recipe). Do not forget that each time a package is re-opened, the dried food gets exposed to air and moisture that can affect its quality and result in spoilage. Sulfured fruit should not touch metal because sulfur will react with the metal and, as a result, cause color changes in the fruit. So, it is recommended to place the fruit in a plastic bag and then store it in a metal can. Cool, dry, and dark areas are considered the best places to store dried food. Generally, dried foods can be stored from 4 months to 1 year, depending on the storage temperature. As the temperature increases, the storage time decreases. More specifically, the majority of dried fruits can be stored for one year at 60 ºF (15 ºC), while, when the temperature is 80 ºF (27 ºC), storage time decreases to 6 months. Remember that vegetables have about half the shelf-life of fruits. Glass containers are an excellent option for storage because any moisture that collects inside can be detected easily. Foods affected by moisture but not spoiled should be consumed immediately or redried and repackaged. In every case, moldy foods should be discarded. https://reeis.usda.gov/web/crisprojectpages/0226960-national-center-for-home-food-processing-and-preservation.html https://nchfp.uga.edu/#gsc.tab=0 https://nchfp.uga.edu/how/freeze/freezer_shelf_life.html https://nchfp.uga.edu/how/general/ensuring_safe_canned_foods.html https://nchfp.uga.edu/how/dry/pack_store.html https://nchfp.uga.edu/how/can_06/prep_foods.html https://www.britannica.com/topic/food-preservation food food preservation home preservation"
https://wikifarmer.com/an-introduction-to-u-s-food-labeling-requirements-the-what-where-and-when-of-a-compliant-food-label/,10/19/2023 20:03,"The “what, where and when” of a compliant food label This post is also available in: Français (French) Deutsch (German) हिन्दी (Hindi) العربية (Arabic) Türkçe (Turkish) 简体中文 (Chinese (Simplified)) Português (Portuguese (Brazil)) A label is for packaged food, what an I.D. is for a person; it gives those who look at it immediate and precise information about the subject in front of them. Therefore, the information provided to the consumer using a food label should be accurate, legible, clear, and not misleading. For this reason, a food business operator who wishes to market its product in a given Country should be able to provide the consumer with all the information required by the existing laws of that Country. On the other hand, the consumer should be able to read this information efficiently. Following is a short introduction (hopefully useful for both) on what information should be on a compliant food label for the U.S. market. For any reference, please consult the Code of Federal Regulations, title 21 Part 101 (Food labeling) Following is a short list of the mandatory particulars which must appear on a generic food label (more on each topic later on): Panels and positioning First, correctly positioning the above information is key to a compliant label. A consumer can identify two main panels on a food label according to the current regulatory framework: PDP is the surface of the label that the consumers are more likely to see at the moment of purchase (typically the “front” of the package”). The information panel is the label’s surface, which is immediate to the right of the PDP. There are two ways of positioning the mandatory information: Regardless of the choice of one of the above, there are a couple of other requisites that manufacturers must follow: *Information not required by F.D.A. is considered intervening material. Examples of intervening material are the B.A.R. code, the best before date, any image or picture, any “flavor” text, etc. It is not permitted to place any of them between the required labeling on the information panel. All mandatory particulars, with the exceptions listed below, must be written using a type size of at least 1/16 inch (about 1,6 mm) using the lower-case letter “o” as a reference. The letters must be at most three times as high as they are wide, and they must contrast sufficiently with the background to be easily read. Minimum Type Size Area of Principal Display Panel 1/16 in. (1.6 mm) 5 sq. in. (32 sq. cm.) or less 1/8 in. (3.2 mm) More than 5 sq. in. (32 sq. cm.) but not more than 25 sq. in. (161 sq. cm.) 3/16 in. (4.8 mm) More than 25 sq. in. (161 sq. cm.) but not more than 100 sq. in. (645 sq. cm.) 1/4 in. (6.4 mm) More than 100 sq. in. (645 sq. cm.) but not more than 400 sq. in. (2580 sq. cm.) 1/2 in. (12.7 mm) Over 400 sq. in. (2580 sq. cm.) Focus on the mandatory particulars – Product name Many products follow a Standard of Identity, which determines the exact Name a product must bear to comply with the actual Regulations. For example, a paragraph of the Code of Federal Regulations defines “bread” or “milk.” To be labeled with such names, food products must follow to the minute what the Code of Federal Regulations states about the manufacturing and composition of those products. Moreover, suppose a food has the exact features outlined in one Standard of identity. In that case, the manufacturer has to name the food accordingly (i.e., it is impossible to call other than “bread” a product with the exact features provided by the Regulation). On the other hand, a product that does not fall into one of the Standards of identity can be named “freely,” following some simple rules: When a product is available for selling in more than one format (whole, sliced, diced, etc.), then this must clearly be stated in the product name. Focus on the mandatory particulars – Ingredient list and allergens The word “Ingredients” must follow the ingredients, which must be in descending order of predominance by weight, and follow the naming rules outlined in the previous paragraph. When the food industry uses a compound ingredient, it has to list its components in one of the two following ways: Suppose there is a % declaration (which, by the way, is not mandatory). In that case, it shall be shown in parentheses following the ingredient’s Name and expressed in terms of percent by weight. The food industry has to declare allergens (which in the U.S.A. are the following: wheat, milk, egg, fish, crustacean shellfish, tree nuts, peanuts, soybean – sesame seeds to be added to the list shortly) in one of the following ways: Unlike E.U., the legislation recognizes as an allergen only wheat (and not other gluten-containing cereals). Allergens are also tree nuts, including three more nuts (pine nuts, coconut, and chestnuts). Like E.U., food manufacturers have to list each tree nut separately (i.e., it’s impossible to use a generic “tree nuts” statement). Focus on the mandatory particulars – Net weight Food labels printed must show the net contents in both metric (grams, kilograms, milliliters, liters) and U.S. Customary System (ounces, pounds, fluid ounces) terms. The metric statement may be before or after the U. S. Customary statement or above or below. Each of the following examples is correct: Focus on the mandatory particulars – Nutrition facts table In The U.S., the Nutrition facts table represents a milestone of food labeling, the essential item to be displayed on a package. Following is a format of a “standard” Nutrition facts table: Some notable items to be considered are as follows: Name of the food Ingredient list (and allergens statement) Net weight Nutrition facts table Name, place of business of manufacturer, packer, or distributor Country of origin The Principal Display Panel (PDP) The Information Panel is the surface of the label that the consumers are more likely to see at the moment of purchase (typically the “front” of the package”). The is the label’s surface, which is immediate to the right of the PDP. All particulars will appear on the Principal Display Panel or, Name of the food and net weight on the Principal Display Panel and all other details on the Information Panel Net weight must appear on the bottom 30% of the Principal Display Panel, parallel with the base of the container. It shall differ from other label info (wordings, pictures, etc.) to the left and right. The food industry has to keep a distance between them. This distance has to be equal to or more extensive than the width of the letter “N” (“Net”). The spaces above and below have to be similar to or more extensive than the height of the letter “N.” The characters must be at most three times as high as they are wide, and they must contrast sufficiently with the background to be easily read. The Nutrition Facts table, Ingredient list, and Name and place of business of the operator must be written contiguously, with no intervening material* among them. Exception n°1: Product Name must be written in type size at least half the size of the most extensive wording on the label (a trademark, a fancy text, or anything else). Therefore, if the brand is 1 inch large, then the Product name shall be ½ inch minimum (in this way, superseding the rule in the previous paragraph). Exception n°2: Manufacturers have to write the net weight in a type size that varies based on the dimensions of the Principal Display Panel, according to the following table Exception n°3: the Nutrition Facts table follows precise requirements for type size, which can vary significantly based on the table format. The food industry shall use a descriptive name, which enables the consumer to understand the exact nature of the product he is purchasing (“breadsticks,” “chili flavored potato chips,” and “chocolate cookies” are all examples of a generic descriptive name that in line with the Regulation) The food industry can use a “fancy” name, provided the exact nature of the product is understandable at the moment of sale (with no possible misunderstanding). By declaring the established common or usual name of the ingredient followed by a parenthetical listing of all ingredients contained therein in descending order of predominance By incorporating into the statement of ingredients in descending order of predominance in the finished food, the common or usual name of every component of the ingredient without listing the ingredient itself. By declaring their common names inside the ingredient list, with no particular highlighting needed (no bold, upper-case or italic) By including them in a “Contains:” statement, positioned right after the ingredient list Net wt 1 lb 8 oz (680g) Net wt 1 lb 8 oz 680 g 500 ml (1 pt 0.9 fl oz) Net contents 1 gal (3.79 L) All values are given “per portion” (we determine the portion according to well-established rules which allow similar foods to have comparable pieces) The value Carbohydrate always contains Dietary Fiber. Consumers can only read about the added sugars on the manufacturer’s recipe, as it includes only sugars added to the product, not those naturally present. Code of Federal Regulations, Title 21, Part 101 FDA Food Labeling Guide food labeling usa"
https://wikifarmer.com/honey-legislation-parameters-criteria-limits/,10/19/2023 20:03,"What you need to know to sell your honey in the local and global market In order for beekeepers to sell their honey products in the market, they need to comply with specific labelling and quality criteria. This may include providing information about the honey’s weight, origin, and producer, as well as meeting specific quality standards related to moisture content, colour, and flavour. Compliance with food safety regulations and restrictions on the use of certain chemicals in honey production may also be required. By meeting these criteria, beekeepers can ensure that their honey products are safe, authentic, and high-quality and can build trust with their customers. Legislation regarding honey varies by country but typically involves regulations on labelling, composition, and quality standards. For example, in the United States, honey must be labelled with its weight, country of origin, and the packer’s or distributor’s name and address. It must also meet specific quality standards, such as having a moisture content of less than 18.6% and not containing any added substances except for honey produced by bees. The European directive 2001/110/EC and the Codex Alimentarius are laying down the production and parameters of honey within the EU’s Member States. According to Codex Alimentarius, consumers have the right to receive truthful information about the food they will consume. It is also mentioned that honey should not: Some of the parameters laid down in the legislation are: Table 1: Compositions Criteria as laid down in the Directive 2001/110 EU*Honeydew honey and blends of honeydew honey with blossom honey (The Toxic Impact of honey adulteration: A review) The table below (Table 2) presents the minimum percentage of pollen required for the characterization of monofloral honey in four European countries according to their national legislation (provisions, decisions, guidelines). Table 2: Minimum percentage of pollen required for the characterization of monofloral honey in four European countries ( The Toxic Impact of honey adulteration: A review) In Greece, 2 types of honey have received PDO recognition. The “Menalou Vanilia fir honey” the “Peukothimaromelo of Crete”. Regarding “Menalou Vanilia fir honey”, the main component must be at least 80% fir honey. The rest of the honey must be made up of flower honey (not more than 20%) from local flowers. The sucrose content of the honey must be above 10 %, with a variation of 8-18 %. The moisture content of this honey should be between 14,0 % and 15,5 %. This honey must be produced in 25 areas of the Arcadia region (Peloponnese). “Peukothimaromelo of Crete” is a natural blend of thyme honey with pine honey and is produced from the specific beekeeping practices of the beehives or the coexistence of late blooming thyme with honey secretions from the insect Marchalina hellenica, which mainly parasitizes mainly on pine (Pinus brutia, Pinus halepensis). The quality attributes of this honey are presented below: The main pollen is from thyme (Thymus capitatus), which is present in all samples of honey with organoleptic characteristics of Peukothimaromelo in a percentage greater than or equal to 10 %. In addition to the thyme gyreococcus, it also contains a large number of other 15 to 20 different local species. *Baker’s honey (Industrial honey): It is the honey that doesn’t completely meet the criteria of table honey. The HMF content of Baker’s honey is allowed to be higher than 40mg/kg, which isn’t the case in other types of honey. Andreas Thrasyvoulou, Chrysoula Tananaki, Georgios Goras, Emmanuel Karazafiris, Maria Dimou, Vasilis Liolios, Dimitris Kanelis & Sofia Gounari (2018) Legislation of honey criteria and standards, Journal of Apicultural Research, 57:1, 88-96, DOI: 10.1080/00218839.2017.1411181 Fakhlaei R, Selamat J, Khatib A, Razis AFA, Sukor R, Ahmad S, Babadi AA. The Toxic Impact of Honey Adulteration: A Review. Foods. 2020; 9(11):1538. https://doi.org/10.3390/foods9111538 http://www.minagric.gr/images/stories/docs/agrotis/MeliMelissokomia/KYA_Taytopoiisi_.pdf https://www.moh.gov.cy/moh/mphs/phs.nsf/202018.pdf https://pasiaslab.gr/blog-articles/289-analyseis-melioy-ti-provlepei-i-nomothesia EC. (2001). Council directive 2001/110/EC of 20 December 2001 relating honey. Official Journal of the European Communities 12.1.2002 L10/47-52. EU. (2005). Explanatory note on the implementation of council directive 2001/110/EC relating to honey. Brussels, D (2005) 9538 Note expl.61913.Oct.2005. According to Codex Alimentarius , consumers have the right to receive truthful information about the food they will consume. have any added ingredients, have any foreign matter, flavor, aroma, or taint absorbed from foreign substances during processing and storage, have nor any removal of a particular constituent. be heated or processed to such an extent that its essential composition is changed and its quality impaired. Moisture content: the moisture content should not exceed 20% for the majority of honeys, 23% for heather honey and 18.5% for fir honey. The extra moisture influence the quality of the product as it make it susceptible to fermentation. Content of non-water-soluble substances: Generally, not more than 0.1% and for pressure honey not more than 0.5%. Therefore, beware of producers who leave residues in their honey for various reasons, as the legislation does not allow this. Fructose and glucose content: They are the good sugars in honey, so the legislation requires their sum to be greater than 60% for flower honey or 45% for honeydew honey or honeydew-flower mixture. The reason for this difference is that honeydew honey naturally contains fewer sugars. Electrical Conductivity: An important parameter for the classification of honey even though there is a lot of confusion with this parameter. There is a special classification depending on the type of honey. Generally, what is true is that honeydew honey should have a conductivity greater than 0.8 mS/cm while flower honey conductivity should be less than 0.8 mS/cm. Exceptions to this rule include honey of heather ( Erica ), eucalyptus, lily of the valley ( Tilia spp. ), manuka ( Leptospermum ), tea tree ( Melaleuca spp. ) which may have conductivity greater than 0.8 mS/cm. Thus pine honey must have a conductivity >0.9 mS/cm, fir honey >1.0 mS/cm, chestnut honey >1.1 mS/cm, thyme honey <0.6 mS/cm and orange honey <0.45 mS/cm. Sucrose content: The sucrose content shall not exceed 5%. Sucrose is at high levels when bee feeds are used, especially when bee feeds are added incorrectly. Due to good practiceσ by beekeepers in Greek honey, sucrose content rarely exceeds 1%. Hydroxymethylfurfural (HMF content): The maximum value is 40 mg/kg. Crystallized honey that has been heated has a high HMF value. Also, high HMF values are found in honey where beekeepers have used forage, while increased, but low values are found in aged honey. Diastase activity: honey should have a value greater than 8, except orange honey which should have a value >3. The diastasis decreases with heating processes. The diastase in combination with the sucrose value and the HMF value can be an indicator of adulteration. Free acids: Their value should not exceed 50 meq/kg sample. Increased acidity is found in honeydew honey and aged honey. Hygroscopic analysis: This is necessary when the honey is labelled as to its botanical origin (e.g. thyme honey, pine honey, etc.). Nutritional labelling: honey is a natural product, so according to EU Regulation 1169/2011, no nutritional labelling is required. However, there are cases where this is required, such as export to the USA and Canada, where the following analyses are also required: Vitamin D, calcium, potassium and iron. Additional analyses: Depending on the country of handling or export, you may also be asked for an analysis of pesticides and antibiotics that may have been used to combat varroa and other cases. EC. EU. honey adulteration honey criteria honey EU limits honey parameters pollen in honey"
https://wikifarmer.com/e-u-food-additives-labelling/,10/19/2023 20:03,"A deep delve into those strange names (or numbers) appearing inside the ingredient list of your favorite food What is an additive? How do I write additives in the ingredient list? Is listing additives always mandatory? Which additive in which food? Particular cases: sweeteners Particular case: colors This post is also available in: Français (French) Português (Portuguese (Brazil)) According to the definition laid out in E.C. Regulation 1333/08, an additive is a substance that is not normally consumed as food, nor is it added to food with the purpose of characterizing it. It is, instead, added to provide a technological function in one or more of the following phases: manufacturing, processing, preparation, treatment, packaging, storage, and transport. Additives inside the ingredient list of food must always be included by either of the two: A comprehensive list of class names can be found in E.U. Reg. 1169/11 Annex VII part C, or in E.C. Regulation 1333/08 Annex I. Additives must be classified in one of the following categories, according to their function in the final product (when the additive class may not result immediately clear, a short description has been added): Set aside some particular cases, each additive has not a single function; therefore, it may be the case that a single additive can be used (and listed in the ingredient list) with different functions. The additive category to be listed is up to the manufacturer, according to the actual function that the additive undergoes in the final product. Once decided which category the additive falls into, then it’s time to decide in which one of the two abovementioned ways, the single additive will be listed (either a specific name or E number). Both ways are perfectly compliant with the Regulation, being often just a matter of how much space there is on a label to accommodate the ingredient list (E numbers being considerably shorter than specific names), or a matter of “commercial impact” (E numbers may look a bit intimidating to the average consumer). The only exception to this rule is if the additive is or derives from an allergen source. The typical case is that of sulfur dioxide or sulfites, which are included in Annex II of E.U. Regulation 1169/11 “substance or products causing allergies or intolerances”. When these additives are present in the final product in a concentration of 10 mg/Kg (or higher) or 10 mg/L (or higher), then the E number can’t be used to list them; the specific name shall be used instead and shall be treated just like any other allergen, meaning it will be written in a different font if compared to other ingredients. No, it’s not! There are some cases in which additives may be omitted from the ingredient list. When an ingredient list is mandatory, additives can be omitted if their presence in the final product is only due to the fact that they were contained in one (or more) ingredients used in the manufacturing of a such product, provided they don’t carry out any technological function in the final product. This is known as the “carry-over principle”, as defined in E.C. Regulation 1333/08. Needless to say, this does not apply in the case of additives which are allergens, just like said in the previous paragraph. This is something to keep in mind. Allergens must always be listed, with no exceptions whatsoever. Now consent me to a tiny digression from the “labelling” topic… but I think this is equally useful. First things first, there are a lot of foods in which the presence of an additive is forbidden (not even a carry-over additive). The list is laid out in Annex II Table 1 of E.C. Regulation 1333/08 and includes, among others: unprocessed foods, honey, butter, coffee, pasta, and food for infants and young children. Moreover, in the same Annex, but in Table 2, a list of food in which colours are not allowed is laid out. These include unprocessed food, milk, bread, pasta, sugar, eggs, and butter. Once these exceptions are dealt with, it’s time to understand when a certain additive can be added to a particular food. E.C. Regulation 1333/08 provides a rather conspicuous number of tables, each outlining all the restrictions to the use of additives in different food categories. In those tables, which are positives lists (that is to say, they list all the additives allowed in a given food), the following information can be found: See the table below as a reference: Sweeteners represent a rather particular class of additives, following their own set of rules when labelling is implicated. Sweeteners are, in general, used to replace sugars in the production of reduced-energy foods or to increase food durability. When one or more sweeteners are added as ingredients to a food, the food label must bear the following warning statement: “with sweeteners(s)”. This statement must be included in the name of the food. For food containing both one or more sweeteners and added sugar(s), the following statement must be used instead: “with sugar(s) and sweetener(s)”. Two sweeteners, finally, have their statement. When aspartame/aspartame-acesulfame salt is added to a food, one of the following statements must be used: Colors are just another class of additives that has its own set of rules. Colors are used to restore the original color of a food, lost due to manufacturing issues; or they can be used to make the food more appealing; or they can be used to color food that is, by nature, colorless. Six colors have been found to generate an adverse effect on children; therefore, if they are used in any food the following statement must be added to the label: “E… may have an adverse effect on activity and attention in children” The six “guilty” additives are: Additives labelling"
https://wikifarmer.com/e-u-nutritional-table-and-nutritional-claims-what-nutrients-mean-and-how-the-food-manufacturers-can-declare-them-on-a-food-label/,10/19/2023 20:03,"This post is also available in: Français (French) Deutsch (German) हिन्दी (Hindi) العربية (Arabic) Türkçe (Turkish) 简体中文 (Chinese (Simplified)) Ελληνικά (Greek) Português (Portuguese (Brazil)) polski (Polish) The importance of a compliant label The nutritional table across E.U. became mandatory on (almost) all foods on December 13th, 2016. Until that day, a nutritional table used to appear on a food label only if a nutritional claim (i.e., “source of protein,” “low fat,” etc.) was on the label itself. A standardized nutritional table is the milestone of correct communication to consumers, providing a nearly uniform way of presenting the nutritional values of a given food. From this point of view, it is mandatory to list all nutrients in the same order to aid consumers in finding relevant information in the easiest way possible. Again, when the food industry uses a nutritional claim, it must follow precise indications. The food manufacturer can use a typical claim about any nutrient only if it appears in a certain amount (or does not overcome a certain amount in some cases). List of mandatory information On each label, the following values are mandatory: List of voluntary information On each label, the following voluntary information can appear to complement the mandatory ones: Presentation and positioning There are no restrictions on positioning the Nutritional table, setting aside the legibility, which food industries have to consider. The food manufacturer has not to hide, obscure, detract from, or interrupt the nutritional information by any other written, pictorial matter or intervening material. Nutritional values shall be in a tabular format. Suppose there needs to be more space on the package. In that case, the food industry can present them alternately (typically linear). The food industry has to list all values “per 100g or 100ml”. In some instances, this can be awkward, as some foods are unlikely to be consumed in such a quantity, and either can obtain them: For vitamins and minerals only, in addition to the presentation per 100g, it shall be mandatory the expression as a percentage of the reference intakes set in the following table: *As a rule, the food industry should take into consideration the following values when deciding which amount is significant: In addition to the form of presentation per 100g, nutrients can be listed as “per portion” established by the manufacturer, provided the exact portion is close to the Nutritional table. The number of pieces is listed as well. Note that the food industry can use the above percentage only for those nutrients for which there is a reference intake. Therefore, for example, no % shall ever be listed for Fiber (the most common mistake regarding this specific topic). Nutrition claims Nutritional claims are regulated by E.C. Reg. 1924/06, which addresses when a nutritional claim can occur and under which conditions. Regulation statements apply to food labels and to every media used to present the food to the consumer. For example, a traditional one – a flyer, a magazine, a T.V. advertisement, or a more “recent” one – distance selling on the Internet, QR codes, etc.). According to the Regulation, five are the main features of a nutritional claim; it must not: Each nutritional claim must be accurate and supported by scientific evidence if needed. Most importantly, it aims to grant the target nutrient in the final product in such a quantity to provide the claimed beneficial effect. Last but not least, the usually consumed amount of food provides a significant quantity of the nutrient or other substance to which the claim relates. For a complete list of all the allowed nutrition claims, along with the fulfillment conditions, see Annex of E.C. Reg. 1924/06 Following is a short list of all claims currently authorized, which can therefore exist on a food label: Let’s focus on a couple of claims to understand better their general “structure.” A claim that a food is sugar-free, and any claim likely to have the same meaning for the consumer, may only be made where the product contains no more than 0,5 g of sugars per 100 g or 100 ml. The above is a pretty linear, straightforward claim with no particular conditions. However, what is of interest here is the text in bold. As a result, the manufacturer has a good range of options, letting them differentiate from the used claim. The industry can declare that food is sugar-free differently; therefore, a consumer should not expect to find the exact wording mentioned above. And this is where the Regulation might prove fallacious. “Same meaning for the consumer” is a statement that is not black or white but lies in the “shades of grey.” Nobody can define what the average consumer is capable of understanding; therefore, the advice should be to use the prescribed wording to avoid any possible issue. Since each definition contains the sentence mentioned above, this problem is common to (pretty much) all the claims in the list. Where a food naturally meets the condition(s) laid down in this Annex for the use of a nutritional claim, the term ‘naturally/natural’ may be used as a prefix to the claim. This second claim, rather than clarifying things, poses an interesting question. Both manufacturer and consumer can determine something that needs to be clarified. Nobody can tell when a given food meets any condition “naturally.” And this is why the term “natural” will be the object of some future discussion in the E.U. regulatory framework. Again, the text in bold is our focus. At present, using this cl is both risky and potentially misleading. Nutrition claims – Comparative claims Comparative claims are allowed but under some conditions. Of course, the comparison must refer to one or more nutrients. Therefore, a possible claim could be “20% more protein compared to…” or similar. The claim must refer to foods belonging to the same category. It is impossible to compare a cookie and a soup, but a comparison between two cookies can occur. One key feature of the claim is that the industry has to declare the difference in the quantity of a nutrient, and the comparison shall relate to the same amount of food. It would be possible to compare two products of the same brand, like “new recipe, now with 20% fat less”, as it would be possible to compare other brands. Type size The only restriction on type size is the one that is common to all mandatory information on the label. The type size must be at least 1,2 mm, using the lower-case letter “x” as a reference. The x-height of the font size shall be equal to or bigger than 0,9 mm. In the case of containers or packaging, the largest surface has an area of less than 80 cm 2. Regulatory Reference Energy (both in kJ and kcal) Fat (g) Saturates (g) Carbohydrate (g) Sugars (g) Protein (g) Salt (g) mono-unsaturates (g) polyunsaturates (g) polyols (g) starch (g) fiber (g) any allowed vitamin or mineral present in significant amount* (mg or µg) the food analysis of the manufacturer; a calculation from the actual or known average values of the ingredients used; or an estimation from generally established and accepted data. 15 % of the nutrient reference values specified in the table above are supplied by 100 g or 100 ml (for products other than beverages), 7,5 % of the nutrient reference values specified in the table above are supplied by 100 ml in the case of beverages or, 15 % of the nutrient reference values of the table above per portion if the package contains only a single piece, Be false, ambiguous, or misleading; Give rise to doubt about the safety and/or the nutritional adequacy of other foods; Encourage or condone excess consumption of food; State, suggest, or imply that a balanced and varied diet cannot provide appropriate quantities of nutrients in general. (e) refer to changes in bodily functions that could give rise to or exploit fear in the consumer, either textually or through pictorial, graphic, or symbolic representations. Low energy Energy-Reduced Energy-free Low fat Fat-free Low saturated fat Saturated fat-free Low sugars Sugars-free With no added sugars Low sodium/salt Very low sodium/salt Sodium-free salt-free No added sodium/salt Source of fiber High fiber Source of Protein High protein Source of [name of vitamin(s)] and/or [name of mineral(s)] High [name of vitamin(s)] and/or [name of mineral(s)] Contains [name of the nutrient or other substance] Increased [name of the nutrient] Reduced [name of the nutrient] Light/lite Naturally/natural Source of omega-3 fatty acids High omega-3 fatty acids High monounsaturated fat High polyunsaturated fat High unsaturated fat SUGARS-FREE A claim that a food is sugar-free, and , may only be made where the product contains no more than 0,5 g of sugars per 100 g or 100 ml. NATURALLY/NATURAL (s) laid down in this Annex for the use of a nutritional claim, the term ‘naturally/natural’ may be used as a prefix to the claim. REGULATION (E.C.) No 1924/2006 OF THE EUROPEAN PARLIAMENT AND OF THE COUNCIL of December 20th, 2006, on nutrition and health claims made on foods REGULATION (E.U.) No 1169/2011 OF THE EUROPEAN PARLIAMENT AND OF THE COUNCIL of October 25th, 2011, on the provision of food information to consumers europe nutritional claims nutritional table"
https://wikifarmer.com/e-u-food-supplement-labeling/,10/19/2023 20:03,"What you need to know about those pills/powders/drops you use to boost your health What is a food supplement? What information must be printed on a food supplement label? Particular case: botanicals Particular case: other substances with physiologic or nutritive effect This post is also available in: Français (French) According to the definition laid out in E.C. Directive 46/2002, food supplements are “foodstuffs the purpose of which is to supplement the normal diet and which are concentrated sources of nutrients or other substances with a nutritional or physiological effect, alone or in combination, marketed in dose form, namely forms such as capsules, pastilles, tablets, pills, and other similar forms, sachets of powder, ampoules of liquids, drop dispensing bottles, and other similar forms of liquids and powders designed to be taken in measured small unit quantities”. In this definition, what is important, what we need to focus on, is the “form” in which food supplements are marketed. When in doubt if you’re buying a food supplement or not, take a look at its form. Just to make it clearer, a “regular food” which is vitamin or mineral added, is NOT a food supplement. Think about those “meal-replacing bars” that can be found in the “dietary” section of each store. Even if it may seem that those products fall into the food supplements category, they don’t. And that’s mainly because of their composition but, most of all, because of the form they are marketed. According to E.C. Directive 46/2002, the term “food supplement” must be printed on the label. This means that food supplements are “standardized” food; if a particular food falls into the above definition, it must be named: “food supplement” and no other name can be used. Then, food supplements follow the same rules as all other food, when speaking of labeling. This means that E.U. Regulation 1169/11 applies as a whole. Mandatory information that must appear on a food supplement label are: In addition to those, E.C. Directive 46/2002 gives us a bit more to be concerned about, when designing our food labels. The following information must be added to each food supplement label: The nutrition information for food supplements follows particular rules, that are slightly different from those of standard food. The only required nutrients to be listed are those effectively used in the product (vitamins, minerals, or other substances). These are going to be listed “per portion”, according to the portion recommended for daily consumption and, in addition to that, as a percentage of the reference values set in Annex XIII Part A of E.U. Regulation 1169/11: DAILY REFERENCE INTAKES FOR VITAMINS AND MINERALS One particular category of ingredients that can be added to food supplements is the so-called “botanicals”, otherwise known as plants or parts of them that can be used as an ingredient. These ingredients are subject to E.U. Regulation 2283/2015 on novel foods. This means that each ingredient must be evaluated based on its “common use” in food. If the use is consolidated before 1997, then no action is required. Otherwise, the ingredient must be notified to E.U. Commission, that will eventually approve its use. For a complete list of novel food, it is possible to consult the E.U. database at https://webgate.ec.europa.eu/fip/novel_food_catalogue/ Here is where the good news end. The above-mentioned catalog tells you only if a given substance is allowed or not, but does not tell you anything about eventual limits in its use or warnings to be printed on a label. This is because, at the E.U. level, no harmonized Regulation exists. Therefore, each Member State is free to adopt its own National Law. Some minor efforts have been made in the last years, with the aim to uniform the list of botanicals across Europe. The most “ambitious” project thus far, is the BELFRIT list, which unifies the lists of Belgium, France, and Italy. The goal of the BELFRIT project is to obtain a common list of eligible plants for use in food supplements, comparing the three national lists of plants allowed. The plants have been evaluated on the basis of the traditional use and of the whole complex of available scientific evidence. After a year and half of work the three Countries arrived at the definition of a common list of plants whose conventional preparations are allowed to use. The BELFRIT project is a guide to direct the manager and the operator decisions. It provides a precise identification of plants that may be used in the manufacturing of food supplements. It also indicates some key points to control in the production, starting with the nature of the chemical constituents that are present in the species and which should be monitored. This category encompasses all those other substances which are not vitamins, minerals, or botanicals. The list may include, for example, amino acids, flavonoids, enzymes, melatonin, etc. As per the botanicals above, no harmonized Regulation exists at E.U. level. And just like for botanicals, the same regulatory framework applies, meaning that each substance must be tested against the novel food catalog in the first place. Then, each Country’s Regulation kicks in, regarding the allowed limits or warnings. EU legislation food supplements food supplements list"
https://wikifarmer.com/category/food-science/fsqr/,10/19/2023 20:03,"Food Safety-Quality-Regulatory PDO/PGI Extra Virgin Olive Oil and DNA Traceability to ensure Purity The Olive Oil market is unceasingly growing, expected to reach a value of €17.6 billion by 2030. Extra Virgin Olive Oil (EVOO) represents an important segment of this industry, well-established […]"
https://wikifarmer.com/category/food-science/fsqr/food-regulations/,10/19/2023 20:03,"Food Regulations E.U. Food Supplements Labelling E.U. Food Additives Labelling E.U. Nutritional table and Nutritional claims – What do nutrients mean? An introduction to U.S. food labeling requirements What you need to know about those pills/powders/drops you use to boost your health What is a food supplement? According to the definition laid out in E.C. Directive 46/2002, food […] A deep delve into those strange names (or numbers) appearing inside the ingredient list of your favorite food What is an additive? According to the definition laid out in E.C. […] The importance of a compliant label The nutritional table across E.U. became mandatory on (almost) all foods on December 13th, 2016. Until that day, a nutritional table used to appear […] The “what, where and when” of a compliant food label The importance of a compliant label A label is for packaged food, what an I.D. is for a person; it […]"
https://wikifarmer.com/honey-produced-in-forests-and-meadows/,10/19/2023 20:03,"What is forest honey? What is Wildflower Honey? Chestnut Honey Fir Honey There are two ways to use the term “Forest Honey”. Forest honey is a type of honey produced by bees by collecting nectar from a diverse range of flowers, trees (chestnuts, beeches, and oaks) and sugary secretions (pines, spruces, firs) usually found in dense forests and high altitudes. The flavor and color of forest honey can vary widely, from one region and year to another, depending on the types of plants and trees where the bees collect nectar. Forest honey is generally considered a high-quality honey due to its unique flavor profile, which has a slightly rich woody flavor, and the presence of beneficial compounds derived from the plants found in forested areas. The other way is when we use it as a category for the honey types that are produced in the forest, such as: Chestnut honey is produced mainly in Europe and Asia, in areas where chestnut trees are abundant. It is a special case of honey. The reason is that although it is considered to be a flower honey, it has the characteristics of a honeydew honey as it is produced both from the nectar of the chestnut tree blossoms and from the honeydew secretions produced by the aphid Myzocallis castanicola, which settles on the lower surface of the leaves of the chestnut tree. It is known for its antibacterial properties and is believed to have several health benefits, such as reducing inflammation and helping to alleviate respiratory problems. Additionally, it promotes blood circulation and has astringent and disinfectant properties for the urinary tract. Taste: Strong, bold flavor that is slightly bitter and nutty. Sometimes it can outweigh the flavor of other honeys. Aroma: Distinctive, intense aroma Color: Dark amber and sometimes can be reddish due to the honeydew. Crystallization: This honey crystallizes after 1-2 years Pine honey is a type of honeydew honey that is produced by bees that collect honeydew (sugary secretions) from a scale insect species called Marchalina hellenica, which lives on certain pine trees. Pine honey is rich specifically in ash content, minerals and metals. Pine honey is particularly popular in Mediterranean countries. However, it is less widely available than other types of honey due to its specific production process and the limited availability of pine trees in certain regions. Below you can find some characteristics of pine honey: Flavor: Pine honey has a strong, resinous flavor that is unique and distinct from other types of honey. It can have a slightly bitter aftertaste. Color: Pine honey is typically dark in color, ranging from amber to reddish-brown. Crystallization: Due to the low glucose content is not easy to crystallize. It can remain fluid for more than one and a half a year. Hives placed in a pine forest Fir honey is a honeydew honey produced by bees that collect honeydew (sugary secretions) from a scale insect species called Physokermes hemicryphus. Fir honey is produced in areas where fir trees grow, such as the forests of Europe and North America. In Greece, there are different categories of fir honey. Most fir honey is produced in areas with fir trees (Abies cephalonica). However, there is one special type with a specific name. Fir honey from Arcadia (Peloponnese) stands out because of the creamy sheen created internally and is called “Menalou Vanilia fir honey” (PDO). It contains at least 80% honey from the black mountain fir; the rest will be flower honey produced in the region. It has a special taste similar to vanilla. It has very low percentages of sugars and is rich in enzymes, proteins, vitamins and trace elements, such as iron, phosphorus, potassium and magnesium. It is also known as pearl honey. Its production is rare and costly as most honeycombs are destroyed during honey extraction. Taste: Special, resinous Aroma: Not strong, but distinctive aroma. Colour: “Menalou Vanilia fir honey” is a creamy sheen. Generally, it has bright colour in some areas and darker in others. Crystallisation: Its low glucose content helps it not to crystallise. Wildflower honey is a multifloral honey made by bees that collect nectar from a variety of wildflowers. This honey has a complex flavour profile and can vary in colour depending on the region and the types of flowers that exist in the area. It is more widely available than other types of honey. Taste: It has a distinctly sweet flavour Aroma: Light. Colour: Depending on the flowers the nectar was collected, it has a light amber colour Crystallisation: It has a high glucose content; therefore, it is quite easy to crystallise Hives placed into a wildflower field Chestnut honey is produced mainly in Europe and Asia, in areas where chestnut trees are abundant. It is a special case of honey. The reason is that although it is considered to be a flower honey, it has the characteristics of a honeydew honey as it is produced both from the nectar of the chestnut tree blossoms and from the honeydew secretions produced by the aphid , which settles on the lower surface of the leaves of the chestnut tree. It is known for its antibacterial properties and is believed to have several health benefits, such as reducing inflammation and helping to alleviate respiratory problems. Additionally, it promotes blood circulation and has astringent and disinfectant properties for the urinary tract. This honey crystallizes after 1-2 years , which lives on certain pine trees. Pine honey is rich specifically in ash content, minerals and metals. Pine honey is particularly popular in Mediterranean countries. However, it is less widely available than other types of honey due to its specific production process and the limited availability of pine trees in certain regions. Below you can find some characteristics of pine honey: Fir honey is a honeydew honey produced by bees that collect honeydew (sugary secretions) from a scale insect species called . Fir honey is produced in areas where fir trees grow, such as the forests of Europe and North America. In Greece, there are different categories of fir honey. Most fir honey is produced in areas with fir trees ( Abies cephalonica). However, there is one special type with a specific name. Fir honey from Arcadia (Peloponnese) stands out because of the creamy sheen created internally and is called “Menalou Vanilia fir honey” (PDO). It contains at least 80% honey from the black mountain fir; the rest will be flower honey produced in the region. It has a special taste similar to vanilla. It has very low percentages of sugars and is rich in enzymes, proteins, vitamins and trace elements, such as iron, phosphorus, potassium and magnesium. It is also known as pearl honey. Its production is rare and costly as most honeycombs are destroyed during honey extraction. Wildflower honey is a multifloral honey made by bees that collect nectar from a variety of wildflowers. This honey has a complex flavour profile and can vary in colour depending on the region and the types of flowers that exist in the area. It is more widely available than other types of honey. chestnut honey fir honey forest honey Menalou Vanilia fir honey pearl honey pine honey"
https://wikifarmer.com/orange-citrus-blossom-honey/,10/19/2023 20:03,"Orange (citrus) blossom honey is a monofloral honey primarily produced by bees that collect nectar from orange tree blossoms. Orange blossom honey is popular where orange groves are abundant. It is used as a sweetener in a variety of foods and beverages and is also enjoyed on its own or spread. Orange blossom honey is known for its antibacterial properties and is believed to have several health benefits, such as reducing inflammation and improving digestion. Taste: Intense flavor Aroma: has a distinctive citrusy aroma Color: light to medium amber Crystallization: This honey crystallizes very quickly therefore, it is recommended to be consumed in a short time. Haynie, J. D., & French, R. B. (1964). Some Factors Affecting the Coloration of Citrus Honey. The Florida Entomologist, 47(3), 195–199. https://doi.org/10.2307/3493324 This honey crystallizes very quickly therefore, it is recommended to be consumed in a short time. You can find more information about what you need to know about selling your honey in the local or global market orange blossom honey"
https://wikifarmer.com/manuka-honey/,10/19/2023 20:03,"Manuka honey is a type of honey produced in New Zealand by bees that collect nectar from the Manuka tree (Leptospermum scoparium). It is known for its unique antibacterial properties and is believed to have a wide range of health benefits. Manuka honey contains a naturally occurring compound called methylglyoxal (MGO), which is responsible for its antibacterial activity. This honey type is graded based on its MGO content, with higher grades indicating a higher concentration of MGO. The higher the level of MGO in the honey, the stronger its antibacterial properties. The antibacterial properties are measured using the Unique Manuka Factor (UMF) rating system. This rating system takes into account the concentration of MGO, as well as other factors, such as the presence of other bioactive compounds. A UMF rating of 10 or higher is considered to have therapeutic benefits. Some of the therapeutic benefits of manuka honey are presented below: It’s important to note that while Manuka honey has many potential health benefits, it should still be consumed in moderation due to its high sugar content. You can find more information about what you need to know about selling your honey in the local or global market. Searching for trustworthy brands and grades is important when buying Manuka honey because it can be relatively costly compared to other types of honey. Johnston M, McBride M, Dahiya D, Owusu-Apenten R, Nigam PS. Antibacterial activity of Manuka honey and its components: An overview. AIMS Microbiol. 2018 Nov 27;4(4):655-664. doi: 10.3934/microbiol.2018.4.655. PMID: 31294240; PMCID: PMC6613335. Manuka honey is a type of honey produced in New Zealand by bees that collect nectar from the Manuka tree ( Leptospermum scoparium ). It is known for its unique antibacterial properties and is believed to have a wide range of health benefits. Treating wounds and infections: Manuka honey has been used for centuries to treat wounds, burns, and skin infections due to its antibacterial properties. It is believed to help prevent infection, reduce inflammation, and promote healing. Some of the potential health benefits include: Soothing sore throats: Its antibacterial and anti-inflammatory properties may help relieve sore throats. It is often added to tea or warm water with lemon to help soothe the throat. Improving digestive health: Some studies suggest that it may help improve digestive health by reducing inflammation in the gut and fighting harmful bacteria like Helicobacter pylori. Boosting the immune system: Manuka honey contains antioxidants and other compounds that may help boost the immune system and protect against oxidative damage. manuka health benefits manuka honey"
https://wikifarmer.com/interesting-facts-about-honey-honey-nutritional-value/,10/19/2023 20:03,"Interesting facts about honey Nutritional Value of Honey Health Benefits of Honey Honey is a sweet, viscous liquid produced by honeybees. It is a natural sweetener used for thousands of years as a food, medicine, and sweetener. Honey has a unique flavour and texture that varies depending on the type of flowers from which the bees collect nectar. Honey has a long and fascinating history that spans thousands of years. Here are some milestones in the history of honey: Based on FAO, the global market share of honey per continent is: The components of honey are: Usually, honey moisture ranges between 13 and 25%, being optimal about 17%. Honey with very low moisture contents is difficult to handle and process. In honey, water activity (indicator who determines the lowe limit od “available” water for microbial growth) ranges from 0.49 to 0.65, even though for some honeys it can reach a value of 0.75. Raw honey is considered to be the most nutritious form of honey because it has not been processed or heated, which can destroy some of its beneficial properties. Honey has many health benefits, including antibacterial, anti-inflammatory, and antioxidant properties. It can be used to soothe sore throats, heal wounds, and improve digestion. It is also a natural cough suppressant and can help alleviate allergy symptoms. The main compounds responsible for the antioxidant activity of honey are flavonoids, phenolic acids (caffeic, ellagic, coumaric, ferulic and chlorogenic acids), ascorbic acid, catalase, peroxidase, carotenoids and Maillard reaction products. https://agora.mfa.gr/infofiles/italian%20honey.pdf http://www.fao.org/ The first bees appear in the fossil record in deposits dating about 40 million years ago in the Eocene. Honeybees are believed to have originated in Africa around 30 million years ago. They were spread from Africa to Northern Europe and West into India and China. During 15th and 16th centuries, European explorers brought honeybees to the Americas, becoming an important source of honey and beeswax. Ancient Egyptians used honey in various ways, including as a sweetener, a preservative, and a medicine. They also used honey for embalming the dead. Honey was an important food source in ancient Greece and Rome and was often used as a reward for athletes and soldiers. In the 19th century, beekeeping became more widespread and honey production became more industrialized. Honey was also used to produce new products such as soap, candles, and cosmetics. Wild honey is also known to be widely collected by foragers until today Glucose and fructose & other sugars (60-85%) Organic Acids Vitamins Enzymes and amino acids Minerals (0.02-1%) Proteins (0.1-0.5%) Antioxidants (polyphenols, carotenoids) Water (12-23%) honey health benefits honey nutritional value"
https://wikifarmer.com/thyme-honey/,10/19/2023 20:03,"This post is also available in: Español (Spanish) Français (French) Ελληνικά (Greek) Português (Portuguese (Brazil)) Thyme honey is one of the most appreciated honey around the world and the most popular in Greece. It is highly valued for its unique flavor and medicinal properties. Bees collect nectar from Thymus sp. species. It blooms during the start of summer, and its flowers produce nectar for approximately 40 days. Honey production during this time can be challenging due to the short blooming period of the thyme plant and the harsh climatic conditions. As a result, thyme honey is often more expensive than other types of honey. Unifloral thyme honey accounts for over 10% of the total honey production in Greece. There are various guidelines across the globe on when thyme honey is categorized as unifloral and each country has set its own limits. You can find more information about what you need to know about selling your honey in the local or global market. It is also high in antioxidants and has antibacterial properties. Taste: Thyme honey has a pleasant taste, but sometimes due to the high concentration of fructose, it leaves a burning sensation in the mouth. Aroma: Intense, strong herbal Color: Usually has a light amber colour but it can also be found with a dark orange. Crystallization: This honey crystallizes in 6-18 months. Sánchez-Martín, Vanesa & Morales, Paloma & González Porto, Amelia & Iriondo-DeHond, Amaia & López-Parra, Marta & Castillo, María & Hospital, Xavier & Fernández, Manuela & Hierro, Eva & Haza, Ana. (2022). Enhancement of the Antioxidant Capacity of Thyme and Chestnut Honey by Addition of Bee Products. Foods. 11. 3118. 10.3390/foods11193118. Thyme honey is one of the most appreciated honey around the world and the most popular in Greece. It is highly valued for its unique flavor and medicinal properties. Bees collect nectar from Thymus sp. species. It blooms during the start of summer, and its flowers produce nectar for approximately 40 days. Honey production during this time can be challenging due to the short blooming period of the thyme plant and the harsh climatic conditions. As a result, thyme honey is often more expensive than other types of honey. Crystallization: This honey crystallizes in 6-18 months. thyme honey"
https://wikifarmer.com/honey-types-and-their-characteristics/,10/19/2023 20:03,"Honey Categories Monofloral honey – Monovarietal honey Polyfloral (multifloral) honey Honeydew honey This post is also available in: Español (Spanish) Français (French) Deutsch (German) Ελληνικά (Greek) Português (Portuguese (Brazil)) There are many species of honeybees, and each species can produce honey with unique characteristics. However, the most commonly consumed types of honey come from the European honeybee (Apis mellifera), native to Europe but have been introduced to many other parts of the world. Honey varieties refer to the different types of honey produced based on the flower source from which the bees gather nectar. There are more than 300 types of honey produced globally. There are two categories: The blossom honey can be categorized based on the types of flowers the bee collected the nectar: This type of honey is made primarily from the nectar of a single type of flower. Monofloral honey can be difficult to produce, as it requires a large number of the same type of flower to be in bloom in a particular area. This means that monofloral honey is often produced in small quantities and can be more expensive than other types of honey. Monofloral honey is often prized for its unique flavour and aroma, and it is sometimes considered higher quality than other types of honey. Thyme honey: This is one of the most popular honey varieties in Greece, made by bees that collect nectar from thyme flowers. It is commonly found in Mediterranean countries, including Greece, where thyme honey is particularly popular. It has a light colour and a strong, herbal flavour. Acacia honey: This light-coloured honey is produced by bees that collect nectar from acacia trees. It has a mild, sweet flavour and is popular in tea and baked goods. Clover honey: This honey is produced by bees that collect nectar from clover flowers. It has a light colour and a mild, sweet flavour. Eucalyptus honey: This honey is produced by bees that collect nectar from eucalyptus trees. It has a strong, medium-sweet taste and a damp wood aroma. Most of the times is dark amber coloured. Buckwheat honey: This honey is made by bees that collect nectar from buckwheat flowers. It has a rich, dark flavour and a dark colour. Lavender honey: This honey is made by bees that collect nectar from lavender flowers. It has a light, medium sweet taste and the colour may vary from white to very light amber or gold. Manuka honey: This honey is produced by bees in New Zealand and has a distinctive flavour and aroma. It is known for its antibacterial properties and is often used for medicinal purposes. Tupelo honey: This honey is made by bees that collect nectar from the white tupelo tree in the southeastern United States. It has a light, buttery flavour and a light colour. Orange blossom honey: This honey is produced by bees that collect nectar from orange blossom flowers. It has a light colour and a delicate, floral flavour. Sage honey: This honey is made by bees that collect nectar from sage flowers. It has a strong, herbal taste and a light colour. Heather honey: This honey is made by bees that collect nectar from heather flowers. It has a strong, distinctive flavour and a dark colour. Sunflower honey: Produced from the nectar of sunflowers, this honey has a light yellow color and a light flavor. Depending on the flowers the bees gather the nectar, each variety has its own unique flavour and colour profile. This type of honey is made from the nectar of multiple types of flowers. Because polyfloral honey is made from a variety of different flowers, it is more widely available and less expensive than monofloral honey. The flavour and quality of polyfloral honey vary widely depending on the region and the specific flowers the bees have visited. Wildflower honey: Made by bees that collect nectar from a variety of wildflowers, this honey has a complex flavour profile and can vary in colour depending on the region. Clover honey: While clover honey can also be considered a monofloral honey, it is often a blend of clover and other flowers. It has a mild, sweet flavor and is light in color. Buckwheat honey: While buckwheat honey can also be considered a monofloral honey, it is often a blend of buckwheat and other flowers. It has a dark color and a strong, robust flavor with notes of molasses. Forest honey: it is made by bees that forage in forested areas. The bees collect the nectar from various flowers and trees found in the forest. It can have a dark color and a rich, complex flavor due to the variety of nectar sources available in the forest. Honeydew honey is a type of honey that is produced by honeybees from the sugary secretions of aphids, scale insects, or other sap-sucking insects. Here are some common types of honeydew honey: Pine honey: Pine honey is a type of honey that is produced by bees that collect honeydew (sugary secretions) from a scale insect species called Marchalina hellenica, which lives on certain pine trees. This honey has a dark colour and a rich, resinous flavour. Pefkothymaromelo Crete (PDO): it is a mixture of thyme honey and pine honey, produced in Crete. It is produced from specific beekeeping practices of the beehives, the coexistence of late-blooming thymes with the honey secretions produced by the insect Marchalina hellenica, which is mainly parasitic on Pinus brutia and Pinus halepensis. Pefkothymaromelo has a medium sweetness and leaves a delicate aroma of fruit and wax. Chestnut honey: Chestnut honey is a special case of honey because, although it is considered to be a flower honey, it has the characteristics of a honey honeydew as it is produced both from the nectar of the chestnut tree and from the honeydew secretions produced by the aphid Myzocallis castanicola, which settles on the lower surface of the leaves of the chestnut tree. It has a strong, slightly bitter taste. Fir honey: Fir honey is a type of honeydew honey that is produced by bees that collect honeydew (sugary secretions) from a scale insect species called Physokermes hemicryphus. It has a dark colour and a strong, woody flavour. In Greece, the fir honey “vanilla” (PDO) is produced in Arcadia. This honey has an amber colour, with pale golden highlights and is considered one of the most expensive honeys. Its taste is full-bodied and reminiscent of caramel. This honeyis quite rare and difficult to find as it depends on the activity of the insect from which is produced and which is greatly influenced by the climatic conditions prevailing. Oak honey: Made from the honeydew secreted by scale insects on oak trees. It has dark color and complex flavor. It is very popular in Spain. Cotton honey: Although cotton honey can also be considered a monofloral honey, it is often a mixture of cotton pollen and honeydew. It has a mild, sweet characteristic buttery taste. Due to its richness in hydrogen peroxide, it has a high antibacterial activity. It is important to note that the taste of each honey type is characteristic and depends on its botanical origin. The different honey types may be more or less appealing to the consumer, depending on his or her taste preferences. It is common for consumers to prefer the type of honey that is most commonly available in the area. Adriane Alexandre Machado De-Melo, Ligia Bicudo de Almeida-Muradian, María Teresa Sancho & Ana Pascual-Maté (2018) Composition and properties of Apis mellifera honey: A review, Journal of Apicultural Research, 57:1, 5-37, DOI: 10.1080/00218839.2017.1338444 Eleftherios Alissandrakis, Petros A. Tarantilis, Paschalis C. Harizanis, and Moschos Polissiou, Journal of Agricultural and Food Chemistry 2007 55 (20), 8152-8157, DOI: 10.1021/jf071442y Koning, Ross E. “Honeybee Biology”. Plant Physiology Website. 1994. http://koning.ecsu.ctstateu.edu/plants_human/bees/bees.html Mărgăoan, R., Topal, E., Balkanska, R., Yücel, B., Oravecz, T., Cornea-Cipcigan, M., & Vodnar, D. C. (2021). Monofloral Honeys as a Potential Source of Natural Antioxidants, Minerals and Medicine. Antioxidants, 10(7), 1023. MDPI AG. Retrieved from http://dx.doi.org/10.3390/antiox10071023 Manikis, I., & Thrasyvoulou, A. (1998). Η ποιότητα του ελληνικού μελιού [The quality of Greek honey]. Melissokomiki Epitheorisi, 12(7–8), 339–345 (in Greek). Testa R, Asciuto A, Schifani G, Schimmenti E, Migliore G. Quality Determinants and Effect of Therapeutic Properties in Honey Consumption. An Exploratory Study on Italian Consumers. Agriculture. 2019; 9(8):174. https://doi.org/10.3390/agriculture9080174 Rybak-Chmielewska, H., & Tomasik, P. (2003). Honey. Tomasik, P. Chemical and functional properties of food saccharides. Boca Raton: CRC, 73-80. What you should know about Honeycomb, ByRepublic of the Philippines, National Nutrition Council https://nnc.gov.ph/regional-offices/mindanao/region-ix-zamboanga-peninsula/9879-what-you-should-know-about-honeycomb Ahmed S Mesallam, Mohammad I El-Shaarawy, Quality attributes of honey in Saudi Arabia, Food Chemistry, Volume 25, Issue 1, 1987, Pages 1-11, ISSN 0308-8146, https://doi.org/10.1016/0308-8146(87)90049-5. There are many species of honeybees, and each species can produce honey with unique characteristics. However, the most commonly consumed types of honey come from the European honeybee ( Apis mellifera ), native to Europe but have been introduced to many other parts of the world. Blossom honey: It is produced by the bees collecting the nectar of flowers Honeydew honey: It is produced by secretions of plant-sucking insects. Acacia honey: Clover honey: This honey is produced by bees that collect nectar from clover flowers. It has a light colour and a mild, sweet flavour. Eucalyptus honey: Buckwheat honey: This honey is made by bees that collect nectar from buckwheat flowers. It has a rich, dark flavour and a dark colour. Lavender honey: Tupelo honey: Orange blossom honey: This honey is produced by bees that collect nectar from orange blossom flowers. It has a light colour and a delicate, floral flavour. Sage honey: Heather honey: This honey is made by bees that collect nectar from heather flowers. It has a strong, distinctive flavour and a dark colour. Sunflower honey: Produced from the nectar of sunflowers, this honey has a light yellow color and a light flavor. Wildflower honey: Made by bees that collect nectar from a variety of wildflowers, this honey has a complex flavour profile and can vary in colour depending on the region. Forest honey: Pine honey: Pine honey is a type of honey that is produced by bees that collect honeydew (sugary secretions) from a scale insect species called Marchalina hellenica , which lives on certain pine trees. This honey has a dark colour and a rich, resinous flavour. Chestnut honey: Chestnut honey is a special case of honey because, although it is considered to be a flower honey, it has the characteristics of a honey honeydew as it is produced both from the nectar of the chestnut tree and from the honeydew secretions produced by the aphid Myzocallis castanicola , which settles on the lower surface of the leaves of the chestnut tree. It has a strong, slightly bitter taste. Fir honey: Fir honey is a type of honeydew honey that is produced by bees that collect honeydew (sugary secretions) from a scale insect species called Physokermes hemicryphus . It has a dark colour and a strong, woody flavour. In Greece, the fir honey “vanilla” (PDO) is produced in Arcadia. This honey has an amber colour, with pale golden highlights and is considered one of the most expensive honeys. Its taste is full-bodied and reminiscent of caramel. This honeyis quite rare and difficult to find as it depends on the activity of the insect from which is produced and which is greatly influenced by the climatic conditions prevailing. Oak honey: Mărgăoan, R., Topal, E., Balkanska, R., Yücel, B., Oravecz, T., Cornea-Cipcigan, M., & Vodnar, D. C. (2021). Monofloral Honeys as a Potential Source of Natural Antioxidants, Minerals and Medicine. Antioxidants, 10(7), 1023. MDPI AG. Retrieved from http://dx.doi.org/10.3390/antiox10071023 Ahmed S Mesallam, Mohammad I El-Shaarawy, Quality attributes of honey in Saudi Arabia, Food Chemistry, Volume 25, Issue 1, 1987, Pages 1-11, ISSN 0308-8146, https://doi.org/10.1016/0308-8146(87)90049-5 monofloral honey multifloral honey"
https://wikifarmer.com/category/food-science/honey/,10/19/2023 20:03,"Honey & Honey Products Food Fraud in Honey and Maple Syrup Interesting Facts About Honey – Honey nutritional value Orange (Citrus) blossom honey Honey Types and their Characteristics Which Factors Affect Honey Quality Thyme honey Manuka honey Honey Legislation: Parameters, Criteria & Limits Honey Produced in Forests and Meadows Food fraud in honey refers to the intentional adulteration or misrepresentation of honey products in order to deceive consumers or increase profits. There have been several high-profile incidents of honey […] Interesting facts about honey Honey is a sweet, viscous liquid produced by honeybees. It is a natural sweetener used for thousands of years as a food, medicine, and sweetener. Honey […] Orange (citrus) blossom honey is a monofloral honey primarily produced by bees that collect nectar from orange tree blossoms. Orange blossom honey is popular where orange groves are abundant. It […] There are many species of honeybees, and each species can produce honey with unique characteristics. However, the most commonly consumed types of honey come from the European honeybee (Apis mellifera), native to […] Quality Attributes of Honey It’s important to note that the appearance of honey can be an indicator of its quality, but it’s not the only factor to consider. Several quality […] Thyme honey is one of the most appreciated honey around the world and the most popular in Greece. It is highly valued for its unique flavor and medicinal properties. Bees […] Manuka honey is a type of honey produced in New Zealand by bees that collect nectar from the Manuka tree (Leptospermum scoparium). It is known for its unique antibacterial properties […] What you need to know to sell your honey in the local and global market In order for beekeepers to sell their honey products in the market, they need to […] What is forest honey? There are two ways to use the term “Forest Honey”. Forest honey is a type of honey produced by bees by collecting nectar from a diverse […]"
https://wikifarmer.com/nutritional-value-of-dairy-products/,10/19/2023 20:03,"What is the evolution of dairy products? Nutritional value of different types of dairy products Dairing– Civilization to industry Which is the composition of milk? Examples of different types of dairy products Nutritional Value of some dairy products per 100g of product. Growing Into a Billion Dollar Industry The Dairy Product Tree Liquid Milk: Flavored Milk: Cream: Butter: Anhydrous Milk Fat: Ghee: Fermented Dairy Products: Cheese: Ice cream: Whey – Beverages, Powders: Evaporated Milk: Dried Milk Products: Industrial Caseinates: Milk was essentially a toxin to humans until 7500 years ago because – unlike infants – they could not synthesize an enzyme called lactase which breakdowns Lactose (the main sugar in milk) into simple sugars like glucose and galactose. The history of dairy farming started way before that. It is estimated that dairy farming as an agricultural practice originated in the Middle East around 11000 years ago when Neolithic culture developed there. This is the start of agriculture and domestication of dairy animals. This farming culture spread from the Middle East to Greece, the Balkans, and Central Europe. Researchers claim that Lactase Persistence (the ability to drink milk in adulthood) first emerged in Central Europe. Even now, only 35% percent of the global population has the ability to digest lactose naturally in their gut. Cheese and Yoghurt were one of the oldest dairy products produced by humans. It was produced or evolved in human civilization because of humans’ lactose intolerance before this 7500 years. Cattle herders learned how to reduce lactose in dairy products in order to tolerable levels by fermenting milk to make cheese or yogurt. Thousand years later, a genetic mutation spread through Europe, allowing people to produce lactase and drink milk. This adaptation opened up a rich new source of nutrition that could have sustained communities when harvests failed. The history of the dairy industry is relatively recent compared to traditional dairying and dairy products in human civilization. The most important unit operation in the dairy industry – pasteurization didn’t come into practice until the late 1800s. The first commercial milk pasteurizers were produced in 1882. It was first adopted in Germany and Denmark and later expanded to Europe, America, and other countries. Subsequently, in the upcoming decades, pasteurization became a legal mandate. In the meantime, the discoveries of mechanical equipment like Cream Separators, Homogenizers, and Pneumatic Valves, along with the rise of mechanical refrigeration and the development of instrumentation and process control, allowed the dairy industry to grow exponentially whole over the world. These advancements also affected the location and size of the local dairies as farmers, producers, and distributors began to shift to larger, more centralized processing operations. Associated dairying or co-operatives began to become common to allow the smallest farmers or producers to continue to sell and trade. The trade and transport of butter and cheeses had been established in Europe since the Middle Ages, as river trade moved products from country to city and city to city. However, these same advancements that improved fluid milk around the turn of the 20th century also improved the longevity and trade of other milk products. The majority of milk is water. One of the reasons that consumers choose different types of milk is their different nutritional values. For example, some kinds of milk are known for their cholesterol-lowering action, better nutrient bioavailability, potential therapeutic properties (used in gastrointestinal disorders), and the absence of allergies many consumers face. Milk fat is also a source of butyric acid, a potent inhibitor of cancer cell proliferation. Milk produced from cows or buffalo contains almost 87% water. The remaining 13% of total solids give nutritional and economic importance to milk. These are Fat, Protein, Lactose (Milk sugar) and minerals. So, milk is majorly priced based on its fat and solids content. Therefore, Fat % and SNF % (Solid, not Fat) are analyzed at the collection points and dairies to determine the prices of the products. Below you can find the main components of milk for different species. Composition of milk according to different species. Source: (ZHANG et al., 2016) When the raw milk is received in a dairy, it is first immediately stored in silos (big cylindrical storage tanks). It should be immediately pasteurized from there to remove pathogenic and spoilage micro-organisms. During pasteurization, the milk is separated into Cream and Skim Milk using a centrifugal cream separator. All the other dairy products are produced with this skim milk and cream. The table below contains the vitamin ranges of goat, sheep, cow, and human milk. All these products have a huge history and role in human civilization. With the advancement and research in food science, dairy science, technology, and food engineering, whole production operations have become automatic and completely centralized. Complex process engineering and automation technologies have revolutionized the industry to produce standardized products without any deviation in physical, chemical, and microbiological parameters. In addition, the production volume can be scaled up to a million stock keep units daily without any intervention. With all these advancements, the dairy industry is now worth about 871 billion US dollars, serving farmers, industrialists, and other stakeholders. ZHANG, Zhihe & HOU, Rong & LAN, Jingchao & WANG, Hairui & KUROKAWA, Hiroyuki & Takatsu, Zenta & KOBAYASHI, Toyokazu & Koie, Hiroshi & KAMATA, Hiroshi & KANAYAMA, Kiichi & WATANABE, Toshi. (2016). Analysis of the breast milk of giant pandas (Ailuropoda melanoleuca) and the preparation of substitutes. Journal of Veterinary Medical Science. 78. 10.1292/jvms.15-0677. Blaško J, Kubinec R, Górová R, Fábry I, Lorenz W and Soják L. (2010). Fatty acid composition of summer and winthe cows’ milk and butter. J Food Nutr Res. 49:169–177. Pandya, A. J., A. J. Gokhale and Mallik, J. M. 2020. Overview of Functionality of Goat and Sheep Milk.Int.J.Curr.Microbiol.App.Sci. 9(10): 2750-2764. doi: https://doi.org/10.20546/ijcmas.2020.910.332"
https://wikifarmer.com/white-wine-vinification/,10/19/2023 20:03,"In white wine vinification – in contrast to red – alcoholic fermentation takes place in the absence of grape skins. The main characteristics of white winemaking are the absence of extraction during alcoholic fermentation and the separation of must into fractions. The most important parameter for producing white wines is that the fermentation occurs at a temperature of 16-20 ºC. The stages of white winemaking are presented below. The harvest must be done at the appropriate level of technological ripeness of the grapes. Technological ripeness is defined when the sugar/acid ratio is the desired one for the production of each wine, so it is defined as the time of the harvest. Depending on the ripeness of the grapes, the produced wine is expected to have differences in its organoleptic properties. If the harvest takes place earlier than the projected time, the final product is predicted to have a harsher taste, as the complex compounds of the grape will not have fully developed. During white vinification, the grape berries are crushed and destemmed. Their breaking takes place in the grape crusher destemmer. Image 1. Grape crusher destemmer (Elassona Winery) Then, the press carries out the pressing of the grape berries. Various types of presses are used in wineries, such as vertical basket press, horizontal screw press, and continuous screw press, but almost all of them use pneumatic membrane presses. The pressure is exerted thanks to the expansion of an elastic rubber membrane, located inside the press. The grape juice must flow through the holes and then be collected at the press’s bottom. Image 2. Pneumatic Wine Press (Ellasona Winery). The settling has the purpose of removing the solid particles that are suspended in the must giving the wine a grassy smell. It is also necessary for the quality improvement of the wines. Wines with greater freshness, higher acidity, and a paler color are more stable and less sensitive to oxidation (Soufleros, 1997). The settling is done either statically or dynamically. The most common method of sludge removal is static. This method removes almost all particles with a diameter greater than 0.2 mm. The wort rests for 12-14 hours and then it is transferred. Also, adding SO2 and chilling for 12-24 hours can take place. Cooling the wort facilitates the separation’s success because it slows the start of alcoholic fermentation. In addition, pectinolytic enzymes can be used to destroy the pectin compounds that participate in the colloidal state of the must and make it difficult for the solid components to settle. Dynamic settling can be done by centrifugation and though this technique particles with a diameter of 0.01mm can be removed. However, it also removes a significant part of the yeasts that can start alcoholic fermentation (Soufleros, 2015). Centrifugation cannot separate as effectively as a well-performed static separation (Tsakiris, 2017). Other ways of dynamic separation are cyclone, filtration, vacuum filter, and flotation. With the flotation method, the separation of the solids of wort can be done by using upward bubbles, floating the insoluble components, and then removing them. The flotation technique is based on the property of particles to hold gas bubbles and form foam. In the next stage, treatment with bentonite is carried out, the purpose of which is to reduce protein turbidity. Bentonite is negatively charged clay that removes proteins that can cause tarnishing or contribute to copper tarnishing. A particularly important step during winemaking is alcoholic fermentation. The conversion of must into wine is thanks to the conversion of sugars into ethanol. This is done either by spontaneous fermentation or by inoculation of selected yeasts and takes place at temperatures of 16-20°C. The yeasts responsible for this conversion are Saccharomyces cerevisiae strains, which impart an improved aroma and smooth fermentation. They have a high rate of viability and can cope with the conditions of wort fermentation. When the specific gravity of the fermented wort falls below 0.996 it means the end of the alcoholic fermentation. The fermentation needs to take place at the desired temperatures, otherwise, the produced wine will acquire an unwanted smell and taste. Furthermore, different strains of the same species (Saccharomyces cerevisiae) give the wine a distinct flavor. Image 3. Stainless steel fermentation tanks (Elassona Winery). The wine is then decanted and sulfured. A concern for the production of white wines is the protection against oxidation, which is made possible thanks to the addition of sulfuric anhydride, as the tannins that would protect it to some extent from oxidation are absent in white wine must. Optionally, an oak barrel is used for maturation. Finally, the wine is bottled after the appropriate clarification and stabilization treatments. The bottles are washed with sterilized water. The steps to bottling are the filling of the bottles, the corking, capping, and labeling. The corks used are either natural or synthetic. During the bottling process nitrogen fills the space from wine to cork, to prevent any oxidation. This stage is done manually or with the help of bottling machines. All in all, winemaking is a complex procedure, that has a lot of factors to take into consideration, starting from the growing of the Vitis vinifera plant to the technological intervention of the winemaker. Then, the press carries out the pressing of the grape berries. Various types of presses are used in wineries, such as vertical basket press, horizontal screw press, and continuous screw press, but almost all of them use pneumatic membrane presses. The pressure is exerted thanks to the expansion of an elastic rubber membrane, located inside the press. The grape juice must flow through the holes and then be collected at the press’s bottom. The settling is done either statically or dynamically. The most common method of sludge removal is static. This method removes almost all particles with a diameter greater than 0.2 mm. The wort rests for 12-14 hours and then it is transferred. Also, adding SO 2 and chilling for 12-24 hours can take place. Cooling the wort facilitates the separation’s success because it slows the start of alcoholic fermentation. In addition, pectinolytic enzymes can be used to destroy the pectin compounds that participate in the colloidal state of the must and make it difficult for the solid components to settle. A particularly important step during winemaking is alcoholic fermentation. The conversion of must into wine is thanks to the conversion of sugars into ethanol. This is done either by spontaneous fermentation or by inoculation of selected yeasts and takes place at temperatures of 16-20°C. The yeasts responsible for this conversion are Saccharomyces cerevisiae strains, which impart an improved aroma and smooth fermentation. They have a high rate of viability and can cope with the conditions of wort fermentation. When the specific gravity of the fermented wort falls below 0.996 it means the end of the alcoholic fermentation. The fermentation needs to take place at the desired temperatures, otherwise, the produced wine will acquire an unwanted smell and taste. Furthermore, different strains of the same species ( give the wine a distinct flavor. Stavrakakis M. N., (2015). Viticulture, Hellenic Cultural Foundation, Athens Tsakiris A. (2017). Enology from the grape to the wine, Publications psihalos Soufleros E. (2015). Enology Science and expertise, Publications Soufleros E. fermentation vinification white wine white wine vinification"
https://wikifarmer.com/category/food-science/food-processing-and-manufacturing/dairy/,10/19/2023 20:03,Dairy Dairy Products: Types and Nutritional Value What is the evolution of dairy products? Dairing– Civilization to industry Milk was essentially a toxin to humans until 7500 years ago because – unlike infants – they could not […]
https://wikifarmer.com/olive-oil-production-stages/,10/19/2023 20:03,"This post is also available in: Français (French) Deutsch (German) हिन्दी (Hindi) Türkçe (Turkish) Ελληνικά (Greek) The process of oil extraction refers to all the treatments to which the olive fruit is subjected, with the aim of producing the final product, the olive oil. From the transport of the olive tree to the olive mill until the receipt of the final product, we encounter the following stages: Receiving the olive fruit As it is obvious, the time the olive fruit remains in the olive mill before processing must be limited to the minimum possible, to avoid any deterioration. Defoliation In general, removing the leaves is imperative because when they are crushed together with the fruit, the quality of the olive oil deteriorates. For example, it acquires a bitter taste, while at the same time a large amount of chlorophyll that is present enhances the oxidation of fatty matter through photooxidation. However, according to recent research, it has been found that the presence of a small number of leaves (about 3%) not only does not harm but can have a positive effect on the final product. More specifically, it enriches olive oil with phenols, which act as antioxidants, increasing its resistance to oxidation in the absence of light. Washing Washing is definitely a necessary process, since, through it, foreign materials (such as soil) and pesticide residues are removed. Unfortunately, these residues are present in the fruit, due to the spraying done incorrectly before the harvest, and not respecting the minimum time since the last spraying as recommended. Photo from the oil mill where the olive oil “Spiliotopoulos Family” is produced Crushing (milling) It is the first main stage of olive fruit processing. In classic olive mills, crushing takes place in olive mills. Of course, the classic oil mills in most areas have been replaced almost entirely by centrifugal mills. In these, as well as in the improved classical type, metal crushers (hammer mills) are used. These metal crushers have advantages over oil mills, as they are smaller in size and cost, have higher efficiency, and are easier to clean. However, their main disadvantage is the fact that olive oil is often burdened with traces of metal. A general principle is that crushing must be carried out in low-speed machines, because in the case of high speeds, the temperature of the olive paste also increases, resulting in the formation of emulsions. Malaxation It is the most basic stage, as it is through this that the oil droplets coalesce into larger drops of olive oil. This combination is particularly important for the subsequent separation of the olive oil from the vegetable fluids. If the malaxation time is extended, emulsions are created and therefore this separation becomes difficult. The contact of the olive paste with the oxygen should also be avoided, in order to limit the losses in aromas, but also the initiation of oxidative rancidity. Also, it is possible that even a small amount of air trapped in the product will cause oxidation later, i.e. during storage. At the same time, it is important to avoid temperatures above 27°C, because otherwise the volatiles are destroyed, while is also created an unwanted reddish color. Malaxation in a nitrogen atmosphere increases the concentration of antioxidants. The cold pressing technique (temperatures below 27°C) helps preserve both the nutrients (such as Vitamin E) and the organoleptic characteristics of the final product. Separation of olive oil from the olive paste It can be done by: Each method is characterized by specific comparative advantages and disadvantages. Pressing as a separation method is characterized by its low cost and the energy economy it offers. At the same time, at the end of the process, only a little moisture and a small percentage of olive oil remain in the olive core. However, it is not a continuous process, it carries high labor costs and the oil paste that remains in the scourtins and, as a result, the final olive oil is getting degraded. The main advantages of centrifugation are its automatic operation and the absence of the scourtins mentioned above (therefore, the degradation is avoided). However, the cost of centrifugation is quite high and as a process, it is energy intensive. In addition, when too much water is used, phenols are lost and when high temperatures are applied, aromatics are lost. Finally, a large percentage of moisture is retained in the olive kernel. When percolation is used as a separation method, the aromatic and phenolic components of the olive fruit pass into the final product (olive oil). Another advantage of this particular method is the fact that it works in a fully automated way. However, it is a more time-consuming process, as centrifugation is also required to collect the whole quantity of olive oil. Finally, the existence of blades in the equipment makes it more difficult to clean, while the large surfaces of the machine make oxidation take place easier. Final separation – Olive oil purification In this stage the machine used is the oil separator. The success of the separation is affected by the specific gravity of the olive oil, the shape, and dimensions of the olive oil droplets, the viscosity, and the temperature. It is obvious that it is easier to separate the components as the difference in their specific gravity is getting bigger. At the same time, the larger the olive oil droplets and the lower the viscosity of the liquid phase, the easier the separation. Regarding the temperature, it is true that the higher it is, the more it favors the separation, but it degrades the quality of the product. A technique that has been tested by several researchers to facilitate the extraction of olive oil is the use of pectinolytic enzymes. They observed an increase in the oxidation stability of the olive oil and a parallel increase in volatiles. Finally, filters can be used, as in the image below, in order to retain floaties. Photo from the olive mill where “Kleio” olive oil is produced Κυριτσάκης, Α., Ελαιόλαδο, εκδ. CCITY PUBLISH, Θεσσαλονίκη, 2007 Türkçe (Turkish) Türkçe (Turkish) Final separation malaxation Pressing Centrifugation Percolation Each method is characterized by specific comparative advantages and disadvantages. as a separation method is characterized by its low cost and the energy economy it offers. At the same time, at the end of the process, only a little moisture and a small percentage of olive oil remain in the olive core. However, it is not a continuous process, it carries high labor costs and the oil paste that remains in the scourtins and, as a result, the final olive oil is getting degraded. The main advantages of When Κυριτσάκης, Α., Ελαιόλαδο, εκδ. CCITY PUBLISH , Θεσσαλονίκη, 2007 olive oil"
https://wikifarmer.com/category/food-science/food-processing-and-manufacturing/wine/,10/19/2023 20:03,White Wine Vinification In white wine vinification – in contrast to red – alcoholic fermentation takes place in the absence of grape skins. The main characteristics of white winemaking are the absence of […]
https://wikifarmer.com/category/food-science/food-processing-and-manufacturing/oils/,10/19/2023 20:03,"Oils Food Fraud in Olive Oil Factors Affecting the Quality of Olive Oil Olive Oil Production Stages Olive oil food fraud refers to the intentional misrepresentation or adulteration of olive oil in order to deceive consumers or increase profits. Olive oil is a high-value product and is […] The factors that affect the quality of olive oil can be found at all stages from its formation in the fruit until it reaches the final consumer. During the accumulation […] The process of oil extraction refers to all the treatments to which the olive fruit is subjected, with the aim of producing the final product, the olive oil. From the […]"
https://wikifarmer.com/irradiation-technologies-in-vegetable-and-fruit-storage/,10/19/2023 20:03,"Gamma Irradiation X-ray Irradiation Electron Beam Irradiation Which are the benefits of Irradiation Technologies in Vegetable and Fruit Storage? Which factors affect the microbial efficacy of irradiation methods in fruits and vegetables? What is the role of Gamma Irradiation in Vegetable and Fruit Storage? What is the role of X-ray Irradiation in Vegetable and Fruit Storage? What is the role of Electron Beam Irradiation in Vegetable and Fruit Storage? Pest control and quarantine treatment Εxtended shelf life Food safety enhancement Maintaining nutritional quality Regulations and Consumer Perception on irradiation technologies in Fruits and vegetables Vegetables and fruits are highly perishable commodities that require careful handling and storage techniques to maintain their quality and extend their shelf life. Irradiation, a technology that utilizes ionizing radiation, has emerged as a promising method for post-harvest preservation of fruits and vegetables. This article explores various irradiation technologies, such as gamma irradiation, X-ray irradiation, and electron beam irradiation, and their role in vegetable and fruit storage. Gamma irradiation involves the use of gamma rays, which are high-energy photons emitted by a radioactive isotope, typically cobalt-60 or cesium-137. It is the most widely used and established method for food irradiation. In the case of fruits and vegetables, gamma irradiation can effectively control insects, pests, and microorganisms while also delaying ripening and extending shelf life. Gamma irradiation helps in reducing microbial contamination and inhibiting the growth of spoilage-causing microorganisms. It can eliminate or greatly reduce pathogens such as E. coli, Salmonella, and Listeria, thereby improving food safety and reducing the risk of foodborne illnesses. Additionally, gamma irradiation can delay fruit ripening and slow down the natural enzymatic processes that lead to spoilage, allowing for extended storage periods without significant quality deterioration. X-ray irradiation utilizes high-energy X-rays to treat fruits and vegetables. It involves passing the product through an X-ray beam, which ionizes atoms and molecules, destroying microorganisms and insects. X-ray irradiation provides effective microbial control and insect disinfestation. It can eliminate surface contaminants and pests without affecting the nutritional quality or taste of the produce. X-ray irradiation is particularly useful for products with high water content, such as leafy greens, where gamma irradiation may cause undesirable textural changes. Electron beam irradiation employs a stream of high-energy electrons generated by an electron accelerator. This technology allows for precise control over the dosage and depth of penetration, making it suitable for treating a wide range of food products. Electron beam irradiation effectively kills bacteria, molds, and fungi on the surface of fruits and vegetables. It can be used to reduce spoilage microorganisms and extend the shelf life of produce. Electron beam irradiation also has the advantage of not leaving behind any radioactive residue, making it a safe and environmentally friendly option for food preservation. Irradiation technologies can effectively control pests, insects, and pathogens in fruits and vegetables. They can serve as an alternative to chemical fumigation and provide quarantine treatment to meet international phytosanitary requirements for export purposes. Regarding food safety, foodborne illnesses are caused by viruses and bacterial pathogens. Pathogenic viruses and fungi are generally more resistant to irradiation than bacterial pathogens. Irradiation treatments can significantly extend the shelf life of fruits and vegetables by inhibiting microbial growth, delaying ripening, and reducing enzymatic activity. This allows for longer storage periods, reduces food waste, and enhances market accessibility for perishable produce. Irradiation technologies help in improving food safety by eliminating or reducing harmful pathogens, such as Salmonella, E. coli, and Listeria, which can cause foodborne illnesses. This is particularly beneficial for ready-to-eat and minimally processed fruits and vegetables. When used at the appropriate doses, irradiation technologies have minimal impact on the nutritional quality of fruits and vegetables. They preserve the vitamins, minerals, and other essential nutrients, ensuring that the treated produce remains nutritious. Several factors influence the microbial efficacy of irradiation methods in fruits and vegetables. The effectiveness of microbial reduction depends on the dose of radiation applied. Higher doses generally result in greater microbial inactivation. However, there is a balance between achieving microbial safety and avoiding negative effects on the quality and nutritional attributes of the produce. Different microorganisms have varying levels of resistance to irradiation. Some pathogens, such as E. coli and Salmonella, are more susceptible to irradiation, while others may be more resistant. Understanding the specific microorganisms present in fruits and vegetables is important for determining the appropriate irradiation dose. The moisture content of fruits and vegetables can affect the microbial efficacy of irradiation. Higher moisture levels may promote microbial survival and recovery after irradiation. Temperature can impact the microbial efficacy of irradiation. Lower temperatures during irradiation can enhance the inactivation of microorganisms, while higher temperatures may reduce the efficacy. Packaging materials and storage conditions can influence the efficacy of irradiation. Certain packaging materials may act as a barrier, hindering the penetration of radiation and affecting microbial reduction. Additionally, post-irradiation storage conditions, such as temperature and humidity, can impact the survival and growth of microorganisms. The characteristics of fruits and vegetables, such as size, texture, and surface properties, can influence the microbial efficacy of irradiation. Irregular surfaces or dense structures may shield microorganisms from radiation, affecting their inactivation. It is important to consider these factors when determining the appropriate irradiation process. By considering these factors and optimizing irradiation parameters, the microbial safety of fruits and vegetables can be improved while preserving their quality and nutritional value. Irradiation technologies are regulated and approved by various international food safety agencies, including the U.S. Food and Drug Administration (FDA) and the World Health Organization (WHO). However, consumer perception and acceptance may vary despite these technologies’ proven safety and efficacy. Public education and transparent labeling can address consumer concerns and promote wider acceptance of irradiated fruits and vegetables. Overall, irradiation technologies, such as gamma, X-ray, and electron beam irradiation, offer effective solutions for storing and preserving fruits and vegetables. These technologies provide pest control, extend shelf life, enhance food safety, and maintain nutritional quality. With proper regulations, education, and consumer awareness, irradiation technologies can reduce food waste, ensure food security, and meet the growing demand for high-quality, safe, and nutritious fruits and vegetables. Irradiation technologies can effectively control pests, insects, and pathogens in fruits and vegetables. They can serve as an alternative to chemical fumigation and provide quarantine treatment to meet international phytosanitary requirements for export purposes. Regarding food safety, foodborne illnesses are caused by viruses and bacterial pathogens. Pathogenic viruses and fungi are generally more resistant to irradiation than bacterial pathogens. The effectiveness of microbial reduction depends on the . Higher doses generally result in greater microbial inactivation. However, there is a balance between achieving microbial safety and avoiding negative effects on the quality and nutritional attributes of the produce. have varying levels of resistance to irradiation. Some pathogens, such as E. coli Salmonella , are more susceptible to irradiation, while others may be more resistant. Understanding the specific microorganisms present in fruits and vegetables is important for determining the appropriate irradiation dose. of fruits and vegetables can affect the microbial efficacy of irradiation. Higher moisture levels may promote microbial survival and recovery after irradiation. can influence the efficacy of irradiation. Certain packaging materials may act as a barrier, hindering the penetration of radiation and affecting microbial reduction. Additionally, , such as temperature and humidity, can impact the survival and growth of microorganisms. The characteristics of fruits and vegetables, such as properties, can influence the microbial efficacy of irradiation. Irregular surfaces or dense structures may shield microorganisms from radiation, affecting their inactivation. Lemessa, A., Popardowski, E., Hebda, T., & Jakubowski, T. (2022). The Effect of UV-C Irradiation on the mechanical and physiological properties of potato tuber and different products. Applied Sciences 12 (12), 5907. Bhatnagar, P., Gururani, P., Bisht, B., Kumar, V., Kumar, N., Joshi, R., & Vlaskin, M. S. (2022). Impact of irradiation on physico-chemical and nutritional properties of fruits and vegetables: A mini review. Heliyon , e10918. Shi, D., Yin, C., Fan, X., Yao, F., Qiao, Y., Xue, S., … & Gao, H. (2022). Effects of ultrasound and gamma irradiation on quality maintenance of fresh Lentinula edodes during cold storage. Food Chemistry 373 , 131478. Colletti, A. C., Denoya, G. I., Budde, C. O., Gabilondo, J., Pachado, J. A., Vaudagna, S. R., & Polenta, G. A. (2022). Induction of stress defense response and quality retention in minimally processed peaches through the application of gamma irradiation treatments. Postharvest Biology and Technology 194 , 112084. Bhatnagar P, Gururani P, Bisht B, Kumar V, Kumar N, Joshi R, Vlaskin MS. Impact of irradiation on physico-chemical and nutritional properties of fruits and vegetables: A mini review. Heliyon. 2022 Oct 3;8(10):e10918. doi: 10.1016/j.heliyon.2022.e10918. PMID: 36247116; PMCID: PMC9557900. food safety food storage"
https://wikifarmer.com/dehydrating-fruits-vegetables-for-high-quality-export/,10/19/2023 20:03,"Dehydrating Tropical Fruits & Vegetables for High-Quality Export What is Dehydration in Fruits and Vegetables? Dehydration Techniques and Methods for Fruits and Vegetables What temperature is good for dehydrating Fruits and Vegetables? Benefits of Dehydration in Fruits and Vegetables What are the Packaging Requirements for dehydrated Fruits and Vegetables? The Export Market for dehydrated Fruits and Vegetables Tropical Fruits and Vegetables Solar-assisted Sun Drying in Fruits and Vegetables Conventional Air Drying in Fruits and Vegetables Heat Pump Drying in Fruits and Vegetables What is Flash Drying in Fruits and Vegetables Osmotic Dehydration in Fruits and Vegetables This post is also available in: Español (Spanish) Dehydration of tropical fruits and vegetables is a preservation process that requires the right techniques and machinery. This article explains the methods of dehydrating tropical fruits and vegetables, focusing on small and medium-scale farmers and entrepreneurs seeking high-quality export opportunities. Farmers can unlock the full potential of their tropical produce for international markets by understanding dehydration, utilizing suitable machinery, and implementing effective dehydration techniques like sun drying, conventional air drying, and heat pump drying. This article gives you an idea about dehydration and the in-detailed process, with examples that will be explained in the next upcoming articles. The deterioration process starts as soon as the fruits and vegetables reach maturity, even before harvesting. Fruits and vegetables are perishables, and once this process starts, it is irreversible, resulting in the loss of many of the original, desirable qualities. Dehydration is the process of removing moisture from fruits and vegetables, resulting in their preservation and extended shelf life. By reducing water content, dehydration inhibits the growth of microorganisms and enzymatic reactions, while retaining nutritional value, flavor, and texture. Dehydrated tropical fruits and vegetables offer convenience, concentrated flavors, and increased market opportunities. Tropical countries have a variety of fruits and vegetables that are well-suited for dehydration. Examples include mangoes, bananas, pineapples, papayas, jackfruits, guavas, sweet potatoes, yams, taro, and cassava. These tropical produces have vibrant colors, unique flavors, and high nutritional profiles, making them desirable in the global market. Dehydration of tropical produce preserves its flavors, nutrients, and colors while extending its shelf life. The dehydrated snacks keep the essence of the fruits, intensifying their natural sweetness. Additionally, dehydrated tropical vegetables like taro and sweet potatoes are grounded into powders for various purposes. Solar-assisted sun drying is a sustainable and cost-effective method of preserving fruits, vegetables, and various food products. This technique utilizes solar energy to remove moisture from the produce, extending its shelf life. The process involves arranging the food items on drying racks or trays and exposing them to direct sunlight while ensuring proper airflow. The combination of solar heat and natural air circulation dehydrates the food, retaining its nutritional value and flavors. Solar-assisted sun drying offers an environmentally and friendly approach to food preservation. But this method depends on the weather conditions and needs frequent inspection to prevent heat buildup in warmer seasons. The quality is lower than conventional air dying. Conventional air drying is another dehydration method. It involves exposing the sliced fruits and vegetables to natural air circulation in a well-ventilated environment. Proper air circulation and ventilation are important parameters for efficient moisture removal. Conventional air drying is a low-cost option that can yield high-quality dehydrated products. This dryer operates at 50-60°C (122-140 °F) of temperature and drying time depending on the moisture content and type of the fruit or vegetable. Heat pump drying is a more advanced technique that utilizes controlled heat and airflow. It involves using a heat pump system to remove moisture from the produce. Heat pump dryers can control temperature and humidity, allowing for more efficient dehydration and a shorter drying period. This method is suitable for large-scale operations but may need a higher initial investment. The quality is greater than conventional air drying due to low drying temperature 40-45°C (104-113 °F) and time. Also, reducing relative humidity develops an extra vacuum within the drying chamber and supports the drying process. Dried fruits and vegetables provide an excellent export quality product with attractive color, texture and aroma. Flash drying is an efficient method for dehydrating fruits and vegetables, offering more advantages over traditional drying techniques. Flash drying removes moisture from produce by using hot air at high velocities, preserving its nutritional value and extending its shelf life. This technique is used for vegetables and jams to produce dehydrated powders on a large scale. Furthermore, the fast drying process enables quick production within a short time, making flash drying ideal for large-scale commercial operations. The resulting dehydrated products have a longer shelf life, allowing producers to meet export market demands. Osmotic dehydration is another technique used to preserve tropical fruits and vegetables while maintaining their natural flavors and nutrients. In this process, the produce immersed in a sugar or salt solution creates a concentration gradient that draws out excess moisture. Osmotic dehydration helps keep the fruits’ original texture, color, and taste while reducing water activity and inhibiting microbial growth. Osmotic dehydration is a gentle and efficient method that allows us to enjoy tropical fruits and vegetables in a convenient and preserved form, which is perfect for snacks or confectionery. Dehydration temperatures mostly vary between 50 to 60°C (120-140 °F). Above 60°C is not used as it discolors and destroys nutrients. On average most fruits and vegetables are dehydrated at 55 °C. These temperatures are for conventional air drying. In heat pump drying, the temperature is normally 40-45 °C (104-113 °F). Dehydrating tropical fruits and vegetables offers the following benefits: Proper packaging is important when it comes to preserving the quality and freshness of dehydrated fruits and vegetables. The packaging for these products should have excellent barrier to moisture and air to prevent moisture absorption and to maintain their crispy texture. Additionally, packaging materials should provide protection against light to prevent color and nutrient degradation. Clear labeling with product information, including the name, origin, and nutritional content, is essential for consumer appeal and keeping with regulatory standards. By investing in suitable packaging, we can ensure that dehydrated fruits and vegetables keep their taste, nutritional value, and quality for an extended shelf life. The export market for tropical dehydrated fruits and vegetables has grown remarkably in recent years. Identifying the target market is important for successful export. Researching market trends, consumer preferences, and demand is essential. Tropical fruits and vegetables such as mangoes, papayas, pineapples, bananas, jackfruit, and local yams are suitable for dehydration due to their unique flavors and high nutritional value. Dehydrated tropical fruits and vegetables can export to various international markets, including the United States, Europe, and the Middle East. To succeed in the export market, also ensure that the products meet their target markets’ quality and safety standards. This includes maintaining international food safety regulations and implementing good manufacturing practices to maintain the quality of their products during storage and transportation. Dehydrating tropical fruits and vegetables for high-quality export requires the application of scientific knowledge, appropriate machinery, and effective techniques. By adopting suitable dehydration methods such as sun drying, conventional air drying, or heat pump drying, farmers can unlock the full potential of their tropical produce. With proper packaging and by targeting the right market, small and medium-scale farmers and entrepreneurs can establish a successful and sustainable business in the dehydrated fruit and vegetable industry. Markam, S., 2022. Drying and dehydration of fruits & vegetables. The Pharma Innovation Journal, 11(10): 1981-1986. Mercer, D.G., 2014. An introduction to the dehydration and drying of fruits and vegetables. Donald G. Mercer, University of Guelph. Sagar, V.R. and Suresh Kumar, P., 2010. Recent advances in drying and dehydration of fruits and vegetables: a review. Journal of food science and technology, 47, pp.15-26. ur‐Rehman, S. and Awan, J.A., 2012. Dehydration of fruit and vegetables in tropical regions. Progress in food preservation, pp.191-209. The deterioration process starts as soon as the fruits and vegetables reach maturity, even before harvesting. Fruits and vegetables are perishables, and once this process starts, it is irreversible, resulting in the loss of many of the original, desirable qualities. Dehydration is the process of removing moisture from fruits and vegetables, resulting in their preservation and extended shelf life. By reducing water content, dehydration inhibits the growth of microorganisms and enzymatic reactions, while retaining nutritional value, flavor, and texture. Dehydrated tropical fruits and vegetables offer convenience, concentrated flavors, and increased market opportunities. Conventional air drying is another dehydration method. It involves exposing the sliced fruits and vegetables to natural air circulation in a well-ventilated environment. Proper air circulation and ventilation are important parameters for efficient moisture removal. Conventional air drying is a low-cost option that can yield high-quality dehydrated products. This dryer operates at 50-60° C (122-140 ° F) of temperature and drying time depending on the moisture content and type of the fruit or vegetable. Heat pump drying is a more advanced technique that utilizes controlled heat and airflow. It involves using a heat pump system to remove moisture from the produce. Heat pump dryers can control temperature and humidity, allowing for more efficient dehydration and a shorter drying period. This method is suitable for large-scale operations but may need a higher initial investment. The quality is greater than conventional air drying due to low drying temperature 40-45°C (104-113 °F) and time. Also, reducing relative humidity develops an extra vacuum within the drying chamber and supports the drying process. Dried fruits and vegetables provide an excellent export quality product with attractive color, texture and aroma. °C (120-140 °F) °C °C (104-113 °F) Nutritional preservation: Dehydration retains the essential vitamins, minerals, and antioxidants present in the produce. Concentrated flavors: Dehydrated fruits and vegetables offer intense flavors, making them ideal for various culinary applications. Extended shelf life: Removing moisture extends the shelf life of the produce, reducing spoilage and minimizing post-harvest losses. Lightweight and convenient: Dehydrated products are lightweight, making them cost-effective to transport and store. Markam, S., 2022. Drying and dehydration of fruits & vegetables. The Pharma Innovation Journal , 11(10): 1981-1986. Sagar, V.R. and Suresh Kumar, P., 2010. Recent advances in drying and dehydration of fruits and vegetables: a review. Journal of food science and technology , 47, pp.15-26. ur‐Rehman, S. and Awan, J.A., 2012. Dehydration of fruit and vegetables in tropical regions. Progress in food preservation , pp.191-209. dehydrated fruits dried fruits"
https://wikifarmer.com/shortening-agri-food-procurement-supply-chains-the-example-of-uk/,10/19/2023 20:03,"How can supply chains be more ethical? – Why is it important to have an ethical supply chain? This post is also available in: Français (French) Deutsch (German) हिन्दी (Hindi) العربية (Arabic) 简体中文 (Chinese (Simplified)) Ελληνικά (Greek) Português (Portuguese (Brazil)) I’m short to be strong! We are shortening food supply chains to strengthen food security, boost the local economy, and support the sustainability of our food systems. Finding ways to source sustainable and local food is more important than ever. COVID-19, the climate crisis, and the Ukraine-Russia conflict highlighted the fragility of longer supply chains. The impact of the COVID-19 pandemic highlighted the fragility of long supply chains. The underlying assumptions have fundamental weaknesses (more actors and stages in the chain provide more opportunities for things to go wrong). The likely consequences of the pandemic could and should recognize the need for greater connection to sustainable and regional food producers. Even if slightly higher prices appear in return for greater food security. Professor Tim Lang of London City University has calculated that eight companies control 90% of the UK food supply and states that ‘the British state is failing us by not de-centralising’1. Helping shorter supply chains not only to survive but also to thrive will make our food system more resilient and sustainable (2). Picture 1. Embracing locally grown food Benefits of Short Food Supply Chains (SFSCs) Having a mix of short and long supply chains has several benefits: 1)Boosting the local economy Providing small food businesses with more access to the local markets boosts the regional economy. With fewer stages in the supply chain, local producers may also benefit from higher profit margins. 2)Managing logistics to reduce carbon emissions Many local governments have declared a climate emergency. Supporting the development of local food production and distribution could lower transport emissions and increase efficiency. 3)Strengthening food security COVID-19 demonstrated some of the drawbacks of long supply chains. Having short, regional supply chains alongside longer supply chains bolsters food security so that we’re more ready for uncertain times (2). Picture 2. Shortening the food supply chains boosts the local economy Every year £2.4 Billion is spent on food and catering in the UK. Yet, the government admits they don’t know where that money is being spent and probably never have. Data suggests less than half of public sector institutions are meeting the minimum food standards set by the government. Additionally, the food systems create up to 30% of human-caused greenhouse gases, and the destruction of biodiversity is mainly down to the continuous intensification of farming to meet the requirement for more and cheaper food. The public sector imports anonymously from abroad almost all food that purchases. And nearly all local, sustainable British food producers have never been able to supply their produce to schools, hospitals, prisons, and the armed services. Consequently, public sector food procurement provides a powerful tool for promoting sustainable local food and can have significant social, environmental, and health impacts due to the number of meals served. Many producers in the UK have been unable to supply the public sector market due to a long list of barriers to entry. Dynamic Food Procurement provides an open digital marketplace for food producers and buyers. A more balanced market can emerge by removing many of the barriers to entry for suppliers, creating significant opportunities for local producers and suppliers (3). Picture 3. Public sector food procurement The National Food Strategy published in 2021 recommended the UK-wide implementation of Dynamic Food Procurement. This implementation followed successful pilots that proved the ability of Dynamic Food Procurement to deliver shorter, more transparent, and sustainable food supply chains within the public sector. These pilots showed how local farmers could supply the industry for the first time. As a result, the supply chain transparency is unprecedented, allowing consumers to make more informed decisions about welfare, carbon footprints, and biodiversity impacts on their food choices. Moreover, redirected food spending to regional food producers has a significant triple multiplier effect. SMEs in a typical size local authority could use even a tiny minority % of the food spent. Indicative analyses have shown that in this way, they may generate more than £80 Million of annual incremental GDP (4). Groundbreaking School Food Procurement Pilot In 2015, a couple of courageous procurement officers at Bath and North East Somerset (B&NES) Council asked the Enterprise Manager (EM) EM for help. They wanted to revolutionize how they procured food for their local authority-led catering service. The service is already an award – winning caterer distributing meals to 60 schools. To sum up. Deliver the regional food strategy: Improve the quantity and choice of fresh, local, and sustainable products on the school menu while delivering value and reducing spending overall. Together, they conceived a more dynamic form of procurement. This form met exact procurement regulations but had a step-change in SME inclusivity, upgraded service to kitchens, and enabled sustainable menu innovation. EM undertook a root-and-branch review of how food was procured, fulfilled, and delivered to each school kitchen. This review upgraded the school cook’s experience of ordering and receiving deliveries into their kitchen. As the Technology & Management agent to the council, EM’s capabilities extended across a wide range of requirements. Examples of this included: 1)project management, 2)helping farmers who were tendering for the first time, delivering fully integrated orders on time, 3)providing regulatory compliance procurement support to local authorities and suppliers, 4)ensuring accreditations and certifications are fulfilled, 5)customer service support and communication/marketing materials to highlight the impact of innovation on politicians, employees, local students, and parents. The internal technology development team created and maintained the platform. They aimed to assemble it in a fully integrated way per user – buyer, producer, supplier, logistics team member, catering manager, and the end customer (chef). Over two years, the pilot successfully delivered the ingredients for over 2.3 million meals. It has reduced carbon emissions in the supply chain. SME Primary Food Producers contracted directly with the public sector for the first time. The pilot improved digital inclusion in school kitchens and reduced Food waste. Moreover, it enhanced the supply chain’s transparency and environmental, economic, and social sustainability of food procured. This service has upgraded its award level. Improved purchase value and overall food spending fell (5). The Procurement Model There were two parts to the contract. First, a pilot partnership agreement with an organization (agency) that carries out order consolidation and delivery has extensive knowledge of local suppliers and producers and is a technology and logistics partner of B&NES. The second is the producers’ and suppliers’ dynamic purchasing system (DPS). B&NES owned both contracts. See Diagram 1. Diagram 1. Dynamic Food Procurement (DFP) Model (5) One of the main benefits of a DPS is that prospective suppliers do not have to join at the beginning of the contract period. Instead, they can apply and are actively encouraged to do so as and when they can. They are not expected or obliged to complete part of the contract value. As a result, DPS permits the pre-qualification procedure “s” part of SMEs to tender for a public sector contract. Picture 4. Quality requirements are a part of the DPS pre-qualification procedure Potential providers must go through the pre-qualification process to access the DPS. The necessary procurement rule, legal standards, quality requirements, etc., were all contained in this documentation. Pricing, though, should have been taken into account at this point. Suppliers competed in mini-competitions for the items they wanted to tender once they were on the DPS. This way, big and small producers could compete in the marketplace. It allowed small producers to submit bids without being required to offer the entire lot such as the ones that wanted to supply one product. The platform for managing agents’ technology allowed some products to have fixed prices while others had daily dynamic pricing. It may be possible to apportion lessons regarding which items to set the pricing on for the length of the mini-competition and which products enable fully dynamic daily pricing adjustments by the suppliers. The Agent ensured that the mini-competition was a sealed, blind bid process following DPS regulations for each product category within the lot. The Agent and catering manager then ranked each supplier for each product. They established a cutoff point for which suppliers should be part of stores and which should be left off, according to each unique product category. Once the agreements occurred, the school chefs and cooks could place one direct order through the website. They were eliminating the requirement to place orders with individual suppliers. In turn, they received one consolidated delivery instead of separate deliveries from multiple suppliers. If you are interested in learning more about supply chain & agri-foo sector, read the following article: In conclusion, I focused mainly on the public sector food procurement in this article and how SFSCs can benefit from it. I presented a successful revolutionary pilot procurement system from Bath and North East Somerset. Eating locally grown food is usually associated with domestic consumption and personal food choices. However, it can also have substantial macroeconomic applications (schools, hospitals, military units, food banks, etc.) with a massive socioeconomic impact on the local or national economy, especially in times of crisis. Last but not least, the most crucial point is that producers and consumers create a short food supply chain when they realize they share the same goals. They can achieve these goals by creating new opportunities that strengthen local food networks. Deutsch (German) Deutsch (German) العربية (Arabic) (Arabic) 简体中文 (Chinese (Simplified)) (Chinese (Simplified)) Português (Portuguese (Brazil)) Português (Portuguese (Brazil)) , the , and the highlighted the fragility of longer supply chains. The impact of the COVID-19 pandemic highlighted the . The underlying assumptions have fundamental weaknesses (more actors and stages in the chain provide more opportunities for things to go wrong). The likely consequences of the pandemic could and should recognize the need for greater connection Even if appear in return . Professor Tim Lang of London City University has calculated that and states that ‘the British state is failing us by not de-centralising’ . Helping shorter supply chains not only to survive but also to thrive will make our more 2) Having has several benefits: Providing with more access to the boosts the regional economy. With fewer stages in the supply chain, local producers may also benefit from higher profit margins. Many local governments have declared a climate emergency. Supporting the development of local food production and distribution could COVID-19 demonstrated some of the drawbacks of long supply chains. Having short, regional supply chains alongside longer supply chains bolsters so that we’re more ready for uncertain times ( Yet, the government admits they don’t know where that money is being spent and probably never have. Data suggests less than half of public sector institutions are meeting the minimum set by the government. Additionally, the food systems create up to 30% of human-caused greenhouse gases, and the destruction of biodiversity is mainly down to the continuous intensification of farming to meet the requirement for more and cheaper food. And nearly all have never been able to supply their produce to , and Consequently, provides a powerful tool for promoting sustainable local food and can have significant social, environmental, and health impacts due to the number of meals served. Many producers in the UK have been unable to supply the public sector market due to to entry. provides an open digital marketplace for food producers and buyers. A more balanced market can emerge by removing many of the barriers to entry for suppliers, creating significant opportunities for local producers and suppliers ( 3) recommended the UK-wide implementation of . This implementation followed that proved the ability of Dynamic Food Procurement to deliver . These pilots showed how local farmers could supply the industry for the first time. As a result, the supply chain transparency is unprecedented, allowing consumers to make about on their food choices. Moreover, redirected food spending to regional food producers has a significant . SMEs in a typical size local authority could use even a tiny minority % of the food spent. Indicative analyses have shown that in this way, they may generate 4) In 2015, a couple of courageous procurement officers at (B&NES) Council asked the Enterprise Manager (EM) EM for help. They wanted to how they procured food for their local authority-led . The service is already an award – winning caterer distributing meals to 60 schools. To sum up. Deliver the regional food strategy: Improve the quantity and choice of fresh, local, and sustainable products on the school menu while delivering value and reducing spending overall. Together, they conceived This form met exact procurement regulations but had a step-change in , upgraded service to kitchens, and enabled sustainable . EM undertook a root-and-branch review of how food was procured, fulfilled, and delivered to each school kitchen. This review upgraded the school of ordering and receiving deliveries into their kitchen. The internal technology development team created and maintained the platform. They aimed to assemble it in per user – buyer, producer, supplier, logistics team member, catering manager, and the end customer (chef). Over two years, the pilot successfully delivered the ingredients for contracted directly with the public sector for the first time. The pilot improved in school kitchens and reduced . Moreover, it enhanced This working method had never been tried previously in food procurement. As a result, this arrangement was a one. After carefully considering the legal implications and extensive market engagement (see the following section), B&NES selected the appropriate Agent. The two parties then co-created the best possible solution. They defined the Agent’s roles and responsibilities. They determined how could and should function to achieve the desired goals. This engagement was essential for all parties to understand what was required and how it could take place. With numerous suppliers, a DPS is comparable to a framework contract, but unlike a framework contract, it permits new suppliers to join at any time as long as they match the set selection criteria. Suppliers can supply what, when, and how they are needed using a DPS and tech agent help. Potential providers must go through the to access the DPS. The necessary procurement rule, , etc., were all contained in this documentation. Pricing, though, should have been taken into account at this point. Suppliers competed in for the items they wanted to tender once they were on the DPS. This way, big and small producers could compete in the . It allowed small producers to submit bids without being required to offer the entire lot such as the ones that wanted to supply one product. The platform for managing agents’ technology allowed some products to have fixed prices while others had daily dynamic pricing. It may be possible to apportion lessons regarding which items to set the pricing on for the length of the mini-competition and which products enable by the suppliers. The Agent ensured that the mini-competition was for each product category within the lot. The Agent and catering manager then ranked each supplier for each product. They established for which suppliers should be part of stores and which should be left off, according to each unique product category. Once the agreements occurred, the school chefs and cooks could place . They were eliminating the requirement to place orders with individual suppliers. In turn, they received instead of separate deliveries from multiple suppliers. In conclusion, I focused mainly on the public sector food procurement in this article and how SFSCs can benefit from it. I presented a successful revolutionary pilot procurement system from Bath and North East Somerset. Eating locally grown food is usually associated with domestic consumption and personal food choices. However, it can also have substantial (schools, hospitals, military units, food banks, etc.) with a massive socioeconomic impact on the local or , especially Last but not least, the most crucial point is that producers and consumers create a short food supply chain when they realize They can achieve these goals by creating new opportunities that strengthen local food networks. Feeding Britain; our food problems and how to fix them – Prof Tim Lang https://www.soilassociation.org/causes-campaigns/what-is-food-security/shortening-supply-chains/ https://www.sustainweb.org/events/feb22-dynamic-food-procurement/ https://www.thedixonfoundation.org.uk/challenges Case study for the provision of school food in Bath & North East Somerset ( https://www.dynamicfood.org/ https://www.fondazioneslowfood.com/en/what-we-do/earth-markets/producers-and-co-producers/short-food-chain/ agri-food sector short food supply chan UK"
https://wikifarmer.com/blockchain-in-the-agri-food-supply-chains-how-is-blockchain-being-used-in-agriculture/,10/19/2023 20:03,"“The Blockchain will change everything more than the Internet has”, B. Pierce. A revolution within the agrifood industry and its supply chains. What is Blockchain Technology? BTC in the Agrifood supply chain Benefits and challenges of BTC in Agrifood supply chain management (AFSM) Blockchain applications in food supply chain management Kolionovo Ecosystem (32) This post is also available in: हिन्दी (Hindi) You’ve likely heard a lot about BlockChain Technology (BCT) with the growing popularity of Bitcoin and other cryptocurrencies. Still, it may be surprising to find it in the agricultural sphere. Traditionally, we have used ICT (Information and Communication Technology) for databases to track data and maintain the flow of information. BCT is a new way to power these databases. They give rights to all network participants instead of a single server and administrator. Multiple parties can then access and verify new additions to the database, allowing for more security and less chance of corruption. It is also more secure than traditional technologies because all parties must reach a consensus to place security blocks on top of encryption. It becomes challenging to tamper with any system (1). A blockchain is a digital transaction ledger maintained by a network of multiple computing machines that are not relying on a trusted third party. Individual transaction data files (blocks) are managed through specific software platforms that allow the data to be transmitted, processed, stored, and represented in human-readable form. In its original bitcoin configuration, each block contains a header with a time stamp, transaction data, and a link to the previous block. A hash gets generated for every block based on its contents and then becomes referred to in the heading of the subsequent block (Picture 1). Hence, any manipulation of a given block would result in a mismatch in the hashes of all successive blocks. Every transaction takes place through the network of machines running the blockchain protocol. It needs to be validated by all compute nodes. The key feature of a blockchain is its ability to keep a consistent view and agreement among the participants (i.e., consensus) (2), even if some of them might not be honest (3). Experts now recognize BTC as one of the most promising technologies (4) and disruptive innovations of the Fourth Industrial Revolution (5). According to one report, experts expect the blockchain supply chain industry to grow at a compound annual growth rate (CAGR) of 81.7% by 2026, faster than almost any other industry on earth (6). Picture 1. Example of a blockchain containing n blocks. Each successive block includes the previous block’s hash, a timestamp, the transaction information, the nonce number for the mining process, and other details needed for the protocol to work (7). A massive transformation is taking place in the global fresh fruit supply chain. Consumer demands for food safety and transparency are significant drivers, along with stringent regulations. On top of that, the agriculture supply chain involves many intermediaries, such as farmers, distributors, retailers, and final sellers. Those parties use private databases and documents to store critical information about the origin and safety of products, to which only regulators have access, making them vulnerable to a breach or the loss of data (9,10). Therefore, trust between them is essential in reducing the risk to supply chain safety (11). According to product safety regulations, everyone must follow specific standards, such as the GATT and WTO (12,13). However, there needs to be a standard global agricultural protocol shared among agriculture participants, which leads to misunderstandings and increases the risks to consumer safety. Even a small food supply or preparation mistake can be costly for finances and health. In recent times, Internet of things – based (IoT) techniques such as barcoding, Q.R. code, and RFID have enabled the traceability of products. However, these techniques are centralized in nature and prone to a single point of failure. Research indicates that technologies working on a centralized structure can easily be manipulated, hacked, or corrupted because of dependence on a single authority. BCT works on a decentralized platform, thus helping to overcome the shortcomings of the technologies built on a centralized network (14). It is a distributed ledger system (a record-keeping system associated with cryptocurrency) based on consensus among peers on the network. The foundation of BCT is trust; it reduces reliance on third-party members in the supply chain. In addition to these features, BCT allows irreversibly storing the data, creating a unique level of credibility, which contributes to efficient agrifood supply chain management (AFSM) (15). The most frequently occurring benefit is traceability. BCT provides a permanent database for recording each transaction, a means for monitoring real-time data at different supply chain stages. Moreover, BCT-enabled traceability enables participants to draw the product’s life cycle from origin to end. The benefit of transparency also occurs frequently in the literature search. Traceability and transparency have benefitted the agrifood supply chains in several ways. In addition, integrating BCT with IoT is known to provide technical advantages to agrifood firms. It has resulted in robust, resilient, and automated systems. The other benefit of BTC is eliminating the need for intermediaries. Research suggests that removing the intermediaries from the supply chain has reduced transaction costs and improved overall profits. Overall, BCT helps achieve the overall goal of food safety to minimize health risks and increase consumer trust. Table 1. provides a consolidated list of benefits and the resulting outcomes. Table 1. The benefits and resulting outcomes of BCT in the agrifood sector Irreversible storage of data (17) Effective monitoring of supply chains (18) Nobody can undermine the benefits of BCT. The implementation of BCT has been considered revolutionary for the agrifood sector. However, specific challenges need to be identified for broader technology implementation and the agrifood industry’s benefit. The main challenges identified are privacy, security, scalability, lack of regulations, and lack of skills and training (27). In light of the benefit of BTC in AFSM, several companies, start-ups, and initiatives are using BTC to improve supply chain management and implement traceability solutions. The application of BTC in the supply chain of infant formula that provides transparency from farm-to-fork, as well as after-sales support and services and points to an anti-counterfeit resolution, is a characteristic example (28). Consumer concerns about milk products may stem from the 2008 Chinese milk scandal, which sparked a global food safety debate. Milk and infant formula from the country were mixed with other food materials and melamine, a chemical compound used to produce laminates and glues. The incident led to six deaths, and at least 11 countries stopped all imports of Chinese dairy products. One more successful example of integrating the technology of BTC in the AFSM is the mango chains in America to trace sliced mangoes from South and Central America to North America (29). Mangoes, mango origins, and derivatives are shipped worldwide, and they are susceptible to Listeria and Salmonella contaminations (30). The same technology has been applied to track Haitian mangoes and avocados, enabling Haitian farmers to access export markets and improve income. A BTC solution for traceability and payments for the mangoes and avocados was developed, allowing direct payments to farmers (31). Furthermore, in 2018 a leading Australian mango producer kicked off a supply chain management program across their supply chain and distribution centers. The project employs sensors placed in mango and tracks the movement of the sweet fruit in addition to monitoring its temperature, humidity, and transit time (8) (Picture 2). The company can see where its fruit is across the supply chain in real time. This way, it can support proactive quality control and quality assurance protocol to face any issues right away and complement what is already a best-in-industry approach. “The impact of this project will be broader than mango industry only. It will extend to other agricultural products and supply chain systems, which may result from the efficiencies this blockchain platform has demonstrated,” said its CEO. BTC has been implemented to such a great extent in the supply chain of mangoes because they are consumed worldwide as seasonal fruits with a high nutrient content. On top of that, attractive prices have increased consumption, and most fruits are imported from developing countries (8). Other commercial applications include beef, palm oil, seafood, and turkey (27). Picture 2. Internet of Things (IoT) sensors are placed in mango crates in packing sheds and travel with the fruit to the retailer – transmitting real-time data to the blockchain platform along the way. These sensors monitor things like temperature, humidity, and time in transit. Source: https://www.crcna.com.au/news/blockchain-technology-delivers-sweet-success-northern-australian-mango-producer In August 2016, the village of Kolionovo near Moscow, Russia, became the first in the world to integrate blockchain technology into its farming business and agriculture management (33, 34). Kolionovo uses a decentralized blockchain system for some local organizational, financial and legal issues. Moreover, people in this village launched their local cryptocurrency tokens called “Kolions” to manage their economy and business by themselves (32) (Picture 3). The rural village on the outskirts of Moscow has become a role model of circular economy, thanks to the launch of the first agricultural ICO (Initial Coin Offering, a fundraising system similar to public offerings but based on cryptocurrencies) on the Russian market (34). The head of the farm, Mikhail Shlyapnikov, shared the impacts so far – including these reported benefits (33). Picture 3. Kolionovo Ecosystem. Source: https://libre.life/organization/kolionovo/en The range of available products has expanded through collaboration with neighboring farms, adding fresh goats’ milk and cheese, mutton, rabbit, and products of fowl, fish, and honey. The farm is investing in expansion, improvements to increase quality and production rate, risk mitigation, and more functions for the local cryptocurrency, Kolions, and a greater range of transaction services through a known blockchain platform (34). Separately, Shlyapnikov reported halving the price of some products thanks to cutting out intermediaries. Unfortunately, although the project was successful and beneficial for the village, Shlyapnikov was later arrested, and the “kolion” was declared illegal tender. The farmer then transferred his business to Belarus, where the ICO procedure was legalized in December 2017, and he started growing potatoes there (35). Blockchain is a promising technology for a transparent food supply chain. Still, many barriers and challenges remain, limiting its wider adoption among farmers and food supply systems. The near future will reveal whether and how governmental and private efforts can address these challenges to establish blockchain technology as a secure, reliable, and transparent way to ensure food safety and integrity. It will be fascinating to see how blockchain will be combined with other emerging technologies (big data, robotics, IoT, RFID e.t.c.) to achieve greater automation of food supply processes and maintain complete transparency and traceability simultaneously. हिन्दी (Hindi) (Hindi) You’ve likely heard a lot about with the growing popularity of Bitcoin and other cryptocurrencies. Still, it may be surprising to find it in the agricultural sphere. Traditionally, we have used ICT (Information and Communication Technology) for databases to track data and maintain the flow of information. . They give rights to all network participants instead of a single server and administrator. Multiple parties can then access and verify new additions to the database, allowing for more security and less chance of corruption. It is also more secure than traditional technologies because all parties must reach a consensus to place security blocks on top of encryption. It becomes challenging to tamper with any system (1). A is a maintained by a network of multiple computing machines that are not relying on a trusted third party. Individual transaction data files (blocks) are managed through specific software platforms that allow the data to be transmitted, processed, stored, and represented in human-readable form. In its original bitcoin configuration, each block contains a header with a time stamp, transaction data, and a link to the previous block. A hash gets generated for every block based on its contents and then becomes referred to in the heading of the subsequent block ( ). Hence, any manipulation of a given block would result in a mismatch in the hashes of all successive blocks. Every transaction takes place through the network of machines running the blockchain protocol. It needs to be validated by all compute nodes. The key feature of a blockchain is its ability to keep a consistent view and agreement among the participants (i.e., consensus) (2), even if some of them might not be honest (3). Experts now recognize BTC as 4) and (5). According to one report, experts expect the blockchain supply chain industry to grow at a , faster than almost any other industry on earth (6). Minimizing food frauds (16) Smooth transactions & information exchange (19, 20) Resilient, automated systems (21, 22) Reduction in transaction costs, increasing profits, streamlining business processes (23, 24) Minimizing health risks, promoting consumer health, better economic returns (25,26) Furthermore, in 2018 a leading Australian mango producer kicked off a supply chain management program across their supply chain and distribution centers. The project employs sensors placed in mango and tracks the movement of the sweet fruit in addition to monitoring its temperature, humidity, and transit time (8) ( ). The company can see where its fruit is across the supply chain in real time. This way, it can support proactive quality control and quality assurance protocol to face any issues right away and complement what is already a best-in-industry approach. “The impact of this project will be broader than mango industry only. It will extend to other agricultural products and supply chain systems, which may result from the efficiencies this blockchain platform has demonstrated,” said its CEO. BTC has been implemented to such a great extent in the supply chain of mangoes because they are consumed worldwide as seasonal fruits with a high nutrient content. On top of that, attractive prices have increased consumption, and most fruits are imported from developing countries (8). Other commercial applications include beef, palm oil, seafood, and turkey (27). Source: https://www.crcna.com.au/news/blockchain-technology-delivers-sweet-success-northern-australian-mango-producer (32) In August 2016, the village of Kolionovo near Moscow, Russia, became the first in the world to integrate blockchain technology into its farming business and agriculture management (33, 34). Kolionovo uses a decentralized blockchain system for some local organizational, financial and legal issues. Moreover, people in this village launched their local cryptocurrency tokens called “Kolions” to manage their economy and business by themselves (32) ( ). The rural village on the outskirts of Moscow has become a role model of circular economy, thanks to the launch of the first agricultural ICO (Initial Coin Offering, a fundraising system similar to public offerings but based on cryptocurrencies) on the Russian market (34). The head of the farm, Mikhail Shlyapnikov, shared the impacts so far – including these reported benefits (33). A new form of cooperation between consumers and producers Nearly all openly recorded shares reserved or paid for Plans underway for the long-term implementation of direct supply, without intermediaries. https://libre.life/organization/kolionovo/en The range of available products has expanded through , adding fresh goats’ milk and cheese, mutton, rabbit, and products of fowl, fish, and honey. The farm is investing in expansion, improvements to increase quality and production rate, risk mitigation, and more functions for the local cryptocurrency, Kolions, and a greater range of transaction services through a known blockchain platform (34). Separately, Shlyapnikov reported halving the price of some products thanks to cutting out intermediaries. Unfortunately, although the project was successful and beneficial for the village, Shlyapnikov was later arrested, and the “kolion” was declared illegal tender. The farmer then transferred his business to Belarus, where the ICO procedure was legalized in December 2017, and he started growing potatoes there (35). https://www.edengreen.com/blog-collection/blockchain-technology-in-agriculture Bano, Shehar. 2017. Consensus in the Age of Blockchains. arXiv preprint arXiv:1711.03936. Castro, Miguel, and Barbara Liskov. 1999. “Practical Byzantine Fault Tolerance.” OSDI 99: 173-186. Fernandez-Carames, T., Fraga-Lamas, P., (2019), A review on the application of blockchain to the next generation of cybersecure Industry 4.0 smart factories. IEEE Access 7, 45201–45218. https://doi.org/10.1109/ACCESS.2019.2908780 . Si, S., Chen, H., (2020), A literature review of disruptive innovation what it is, how it works and where it goes. J. Eng. Technol. Manag . 56, 101568. https://www.researchandmarkets.com/reports/5239614/blockchain-supply-chain-market-growth-trends Kamilaris, A., Fonts, A. and Prenafeta-Boldύ X., F., .(2019), The Rise of Blockchain Technology in Agriculture and Food Supply Chains. Trends in Food Science & Technology . Vol. 91, pp. 640-652. https://tracextech.com/blockchain-in-fruit-supply-chain/ Beulens, A.J.; Broens, D.F.; Folstar, P.; Hofstede, G.J. Food safety and transparency in food chains and networks Relationships and challenges. Food Control 2005, 16, 481–486. Aung, M.M.; Chang, Y.S. Traceability in a food supply chain: Safety and quality perspectives. Food Control 2014, 39, 172–184. Mayer, R.C.; Davis, J.H.; Schoorman, F.D. An integrative model of organizational trust. Acad. Manag. Rev. 1995, 20, 709–734 Hudec, R.E. GATT/WTO Constraints on National Regulation: Requiem for an “Aim and Effects” Test. Int. Lawyer 1998, 32, 619–649 Mavroidis, P.C. The Regulation of International Trade: GATT; MIT Press: Cambridge, MA, USA, 2015; Volume 1. 5. Beulens, A.J.; Broens, D.F.; Folstar, P.; Hofstede, G.J. Food safety and transparency in food chains and networks Relationships and challenges. Food Control 2005, 16, 481–486 Ehrenberg, A.J. and King, J.L. (2020), “Blockchain in context”, Information Systems Frontiers , Vol. 22 No. 1, pp. 29-35. Yadav, S. and Singh, S.P. (2020a), “An integrated fuzzy-ANP and fuzzy-ISM approach using blockchain for sustainable supply chain”, Journal of Enterprise Information Management , Vol.34, No. 1, pp. 54-78. Kayikci, Y., Subramanian, N., Dora, M. and Bhatia, M.S. (2020), “Food supply chain in the era of Industry 4.0: blockchain technology implementation opportunities and impediments from the perspective of people, process, performance, and technology”, Production Planning and Control , pp.1-21 Saberi, S., Kouhizadeh, M., Sarkis, J. and Shen, L. (2019), “Blockchain technology and its relationships to sustainable supply chain management”, International Journal of Production Research , Vol. 57 No. 7, pp. 2117-2135. Yadav, S. and Singh, S.P. (2020b), “Blockchain critical success factors for sustainable supply chain”, Resources Conservation and Recycling, Vol.152, 104505. Kamble, S., Gunasekaran, A. and Arha, H. (2019), “Understanding the blockchain technology adoption in supply chains – Indian Context, , Vol. 57 No. 7, pp. 2009-2033. Papadopoulos, T., Singh, S.P., Spanaki, K., Gunasekaran, A. and Dubey, R. (2021), “Towards the next generation of manufacturing: implications of big data and digitalization in the context of industry 4.0”, Atlam, H.F., Alenezi, A., Alassafi, M.O. and Wills, G.B. (2018), “Blockchain with internet of things: benefits, challenges, and future directions”, International Journal of Intelligent Systems and Applications , Vol.10 No. 6, pp. 40-48. Reyna, A., Martin, C., Chen, J., Soler, E. and Díaz, M., (2018), “On blockchain and its integration with IoT. Challenges and Opportunities”, Future Generation Computer Systems , Vo. 88, pp. 173-190. Bumblauskas, D., Mann, A., Dugan, B. and Rittmer, J. (2020), “A blockchain use case in food distrubition: do you know where your food has been?”, International Journal of Information Management , Vol. 52, p. 102008. Chen, S., Liu, X., Yan, J., Hu, J. and Shi, Y. (2021), “Processes, benefits, and challenges for adoption of blockchain technologies in food supply chains: a thematic analysis”, Information Systems and E-Business Management , Vol 10 No. 3, pp. 909-935. Casino, F., Kanakaris, V., Dasaklis, T.K., Moschuris, S. and Rachaniotis, N.P. (2019), “Modeling food supply chain traceability based on blockchain technology”, IFAC-PapersOnLine , Vol. 52 No.13, pp. 2728-2733. Galvez., J.F., Mejuto, J.C. and Simal-Gandara, J. (2018), “Future challenges on the use of blockchain for food traceability analysis”, TrAC- Trends in Analytical Chemistry , Vol. 107, pp. 222-232. Svrivastava, A. and Dashora, K., (2022), Application of blockchain technology for agrifood supply chain management: A systematic literature review on benefits and challenges., Benchmarking: An International Journal , Vol. 29, No. 10, pp. 3426-3442. https://www.ledgerinsights.com/danone-blockchain-food-traceability-baby-formula/ Burkitt, L., “Walmart to triple spending on food safety in China,” Wall Street Journal, June 17, 2014. www.wsj.com/articles/Walmart-to-triple-spending-on-food-safety-in-china-1402991720 Yiannas, F., Walmart’s vice president of food safety, interviewed by R. Kamath, June 28, 2017. https://www.worldbank.org/en/ https://www.researchgate.net/ https://www.thefuturescentre.org/signal/russian-farm-first-to-track-its-activities-on-blockchain/ https://coinidol.com/world-first-village-to-adopt-blockchain-in-farming-management/ https://www.haaretz.com/world-news/ agri-food blockchain btc technology supply chain"
https://wikifarmer.com/category/food-science/food-processing-and-manufacturing/fruits-and-vegetables/,10/19/2023 20:03,"Fruits and Vegetables Irradiation Technologies in Vegetable and Fruit Storage Dehydrating Fruits and Vegetables for High-Quality Export Vegetables and fruits are highly perishable commodities that require careful handling and storage techniques to maintain their quality and extend their shelf life. Irradiation, a technology that utilizes ionizing radiation, […] Dehydrating Tropical Fruits & Vegetables for High-Quality Export Dehydration of tropical fruits and vegetables is a preservation process that requires the right techniques and machinery. This article explains the methods […]"
https://wikifarmer.com/market/en/,10/19/2023 20:03,"The Leading B2B Marketplace of Agricultural Products Whole Kalamon Olives (231-320) 12kg (Drained weight) Whole Kalamon Olives (181-230) 12kg (Drained weight) Kalamon Pitted Olives (231-320) 10kg (Drained weight) Organic unpeeled Ferragne variety almonds 500 gr. Walnuts kernel and walnuts. French, Hungarian and Romanian variety. Walnuts, unshelled 5 kg Organic Sicilian almonds without shell - Pack of 200gr Sicilian Almonds without Shell Organic pumpkin seeds Roasted Peanuts 400gr Walnuts in shell Howard variety 5 kg Algerian dates box 1kg Shelled walnut in halves - 10 kilos box Roasted Salted Peanuts 1 kg Roasted Peanuts 20 Pcs x 400g In-shell walnuts, in conversion to organic, Howard and Serr variety in different packaging and formats (bulk, split...). Ukranian walnut 1/4, Light, Light colour - Carton Box 10kg ALMOND HONEY JAR 500 GRS. SIERRA FILABRES Chestnut Honey 100% Italian THOUSAND FLOWERS HONEY, Jar 200 g. PREMIUM HONEY MILFLORES JAR 400 GRS. ALBAIDA HONEY JAR 500 GRS. French honey + prunes 170gr Flower Honey 1 kg Lemiel - Lemon + Honey 250gr Chestnut honey - 500gr Orange Honey 2 kg Rosemary Honeycomb. One hundred per cent handmade production, always respecting the environment. N. 88 Fire - Spicy Honey (375g) FLOWER HONEY JAR 500 GRS. Honey with Honeycomb 300 gr Organic Millefiori Honey 500g- 100% Italian - Made in Sicily PREMIUM THYME HONEY JAR 400 GRS. Black truffle sauce 180 gr - Ugolini Gourmet Mustard with black truffle 130gr Black truffle pesto 180 gr - Ugolini Gourmet Truffle soy sauce 100 ml - TrufflEat Pumpkin spread with black truffle 80gr Black summer truffle barbecue sauce 80 gr - TrufflEat Truffle vinaigrette 100 ml - TrufflEat Couscous with black truffle and porcini mushrooms 200gr Mushroom spread with black truffle 80gr Truffled sauce with black summer truffle 80 gr - TrufflEat SELL ON WIKIFARMER ABOUT US Pay with Credit Terms Buy smarter and let us arrange logistics Groupage shipment with multiple products Request for a Product Quote OLIVES AND OLIVE PRODUCTS NUTS, SEEDS AND SUPERFOODS HIGH QUALITY HONEY FROM ALL OVER THE WORLD PREMIUM TRUFFLE PRODUCTS WHAT THEY SAY ABOUT US WIKIFARMER.COM - DEMOCRATIZING AGRICULTURE All products on Wikifarmer can be sold only to businesses and prices are without VAT. You do not have to pay right away. You can buy agricultural products and pay up to 90 days later. Save time by negotiating fast with multiple suppliers and let us sort out transportation and logistics. Place different orders from different producers and let us arrange everything so that you receive them in one shipment. Make your Purchase Process More Efficient with One Request and Quotes from Multiple Producers. Need a Quote from Multiple Producers? Use our Form to Source Faster and More Efficiently. Can't Find a Product? Complete the Product Details you are Searching For and we will circulate your requests to Thousands of Suppliers. 10,000+ producers 50+ countries -20% food cost 90% response rate Wikifarmer is aiming to become the universal source for farmers searching for information and the go-to destination for people seeking to purchase agricultural products globally. The Wikipedia of Farming This Greek Startup is building a farming encyclopedia The 'Wikipedia of agriculture' arrives in Spain that connects producers with their customers At Wikifarmer, you will find a wide selection of food products combining quality with fair prices. I have finally found a reliable partner who can accommodate my company's needs It is the only e-commerce platform from which I receive orders every week, it constantly assists me and allows me to negotiate and update the offer quickly, I am really happy to work with Wikifarmer! Honestly, all the products are flawless and unique. The ultimate chef's assistant Innovative initiative, experienced partners, immediate response to demand requests. An effective bridge between domestic and international markets, a turning point in the agri-food market! Wikifarmer is an online global platform with the mission to empower farmers through education and to offer access to an open market for the trading of agricultural products. For the millions of unique users supporting us, we are working towards a twofold goal. First, to create a fair, transparent and rewarding environment for all people involved in Agriculture. We connect producers directly with buyers, overcoming barriers such as large commissions and time-consuming processes, eliminating unnecessary middle layers and establishing transparency, accountability, security and reliability in every transaction. If you are a buyer, as an end-to-end stop, we simplify the whole ordering process for you, making it easier to find anything related to agriculture and complete orders with security and confidence from the moment you need it up until it's delivered to you. On a higher level, our platform envisions contributing to a sustainable future, supporting businesses, the economy, the environment and anyone involved in agriculture, which is needed today more than ever. From Italy From Greece From Spain Certified Organic Product Stock photo €27.26 12kg - €2.27 / kg 19 PiecesMinimum 19 Pieces Minimum Messini, Greece €11.63 5kg - €2.33 / kg 43 PiecesMinimum 43 Pieces €32.08 12kg - €2.67 / kg 45 PiecesMinimum 45 Pieces €33.58 10kg - €3.36 / kg €9.39 500g - €18.78 / kg 54 PiecesMinimum 54 Pieces Baza, Spain -14% €12.00 1kg - €12.00 / kg 42 PiecesMinimum 42 Pieces Hemeius, Romania €70.00 6kg - €11.67 / kg 8 PiecesMinimum 8 Pieces ionadi, Italy €5.50 200g - €27.50 / kg 91 PiecesMinimum 91 Pieces Riesi, Italy -6% €8.50 1kg - €8.50 / kg 60 PiecesMinimum 60 Pieces Trecastagni, Italy €7.53 1kg - €7.53 / kg 1000 PiecesMinimum 1000 Pieces Santisteban del Puerto, Spain €2.50 400g - €6.25 / kg 200 PiecesMinimum 200 Pieces €28.00 6kg - €4.67 / kg 18 Pieces €4.50 1kg - €4.50 / kg 800 PiecesMinimum 800 Pieces ALGER GARE, Algeria -57% €4.32 1kg - €4.32 / kg Málaga, Spain €4.00 1kg - €4.00 / kg 125 PiecesMinimum 125 Pieces €32.00 8kg - €4.00 / kg 16 PiecesMinimum 16 Pieces €3.00 1kg - €3.00 / kg 167 Pieces ALCALA DE GUADAIRA, Spain €50.00 10kg - €5.00 / kg 10 PiecesMinimum 10 Pieces Xanthi, Greece €5.35 500g - €10.70 / kg 94 PiecesMinimum 94 Pieces San Calogero, Italy -10% €3.71 200g - €18.55 / kg 24 PiecesMinimum 24 Pieces Alcalá la Real, Spain €5.40 400g - €13.50 / kg 630 Pieces €4.86 500g - €9.72 / kg 103 Pieces €8.00 0.17kg - €47.06 / kg 63 PiecesMinimum 63 Pieces Le Gué-d'Alleré, France -21% €7.50 1kg - €7.50 / kg 67 PiecesMinimum 67 Pieces Córdoba, Spain €6.00 250g - €24.00 / kg 84 Pieces Montoro, Italy €7.00 500g - €14.00 / kg 72 PiecesMinimum 72 Pieces -25% 5.00 (1) €14.85 2kg - €7.43 / kg 34 PiecesMinimum 34 Pieces Leonidio Arcadia, Greece €10.00 0.25kg - €40.00 / kg 375g - €20.00 / kg 20 Pieces Oliveira de Azeméis, Portugal €4.64 500g - €9.28 / kg 108 Pieces -9% €5.45 300g - €18.17 / kg 92 PiecesMinimum 92 Pieces Herrera del Duque, Spain €7.82 500g - €15.64 / kg 64 PiecesMinimum 64 Pieces Barrafranca, Italy -40% €2.51 204 Pieces Riano, Italy Veroia, Greece €3.40 150 Pieces €5.32 96 PiecesMinimum 96 Pieces €5.29 €5.05 102 Pieces €5.85 86 Pieces €3.14 162 Pieces Sell your products to more buyers locally or internationally Reduce your food waste Maximize your profit, by selling at fairer prices"
https://wikifarmer.com/category/food-science/food-supply-chain/,10/19/2023 20:03,"Food Supply Chain Sustainable Use of Bagasse: Harnessing the Potential of Sugarcane Waste Augmenting the Role of Innovation for Sustainable Agri-food Systems Blockchain in the agri-food supply chains – How is Blockchain being used in agriculture? Shortening agri-food procurement supply chains – The example of UK According to the united nations, the world population is expected to reach 8.5 billion in 2030 and up to 9.7 billion in 2050, and 10.4 billion by 2100. With the […] Prelude It is estimated that the global population’s growth is expected to reach near 10 billion by 2050 (1), and to feed this growing population, global food production needs to […] “The Blockchain will change everything more than the Internet has”, B. Pierce. A revolution within the agrifood industry and its supply chains. What is Blockchain Technology? You’ve likely heard a […] I’m short to be strong! We are shortening food supply chains to strengthen food security, boost the local economy, and support the sustainability of our food systems. Finding ways to […]"
https://wikifarmer.com/category/partners/,10/19/2023 20:03,"Partnership between Wikifarmer and Himalayan College of Agricultural Sciences and Technology (HICAST) Wikifarmer is always interested in building partnerships with organizations, universities, institutions, and projects worldwide. Our main goal is to democratize agriculture; we believe networking can help us achieve this. Wikifarmer […]"
https://wikifarmer.com/advertise-in-a-global-platform/,10/19/2023 20:03,Contact us at commercial@wikifarmer.com us
https://wikifarmer.com/contact/,10/19/2023 20:03,"Connect with Wikifarmer Official General Enquiries Advertise Wikifarmer is the greatest User Generated Online Farming Library. Together we can help every farmer across the globe enjoy free access to knowledge, practices and experiences. Please do not hesitate to contact us, as we will take your suggestions and recommendations seriously. Telephone: +44(0)7391105509 Reach out and connect with millions of farmers across the globe. Contact us at commercial@wikifarmer.com Are you a professional or hobby farmer? Are you interested in working as Wikifarmer Community Manager and influence positively thousands of new and experienced farmers? Send us your resume at career@wikifarmer.com"
https://wikifarmer.com/career/,10/19/2023 20:03,Wikifarmer Careers Corporate News
https://wikifarmer.com/partnership-between-wikifarmer-and-nextgen-ag-impact-network/,10/19/2023 20:03,"Partnership between Wikifarmer and NextGen Ag Impact Network Wikifarmer is always interested in building partnerships with organizations, universities, institutions, and projects worldwide. Our main goal is to democratize agriculture; we believe networking can help us achieve this. Wikifarmer and NGIN, short for NextGen Ag Impact Network, are working together to strengthen agriculture and help youth engage. NGIN, is a dynamic and inclusive global network designed for young individuals passionate about agriculture and related fields. They aim to foster impactful transformation in agricultural ecosystems, aligning with the United Nations Sustainable Development Goals (SDGs) as young changemakers hold the key to shaping the future of sustainable agriculture, and they want to empower them to become the agricultural leaders of tomorrow. Through a coalition of 12 board member organizations (Bayerand external partners, NGIN aims to create a supportive community where young agricultural enthusiasts can connect, learn, and grow together. They offer a variety of programs and opportunities, including mentorship, training, advocacy initiatives, and even pathways in incubation, entrepreneurship, and job opportunities. The guiding principles are at the core of everything they do. NGIN is built on the foundation of partnerships, embracing the diverse perspectives and expertise of various stakeholders. Thy actively involve young people from the outset, co-creating a network of networks that reflects the global scope and inclusivity of our mission. By listening to the needs and aspirations of the youth in agriculture, NGIN ensures that our program offerings are tailored to match their requirements. To learn more about NGIN and stay up-to-date with their initiatives, visit https://nginag.org/."
https://wikifarmer.com/partnership-between-wikifarmer-and-robs4crops/,10/19/2023 20:03,"Partnership between Wikifarmer and ROBS4CROPS The most important challenge in European agriculture is the cost and scarcity of labour. Robots have replaced labour in several sectors of the economy. Agricultural robots have not yet reached widespread acceptance. The vision of ROBS4CROPS is an agricultural sector where robots will replace humans in all heavy and unpleasant work! From a technical point of view, agricultural robots do not reach their potential because they are used as stand-alone units rather than as part of a complete, innovative robotic system. From a non-technical point of view, agricultural robots do not fit well with current farming practices and agricultural standards are not supported by an ecosystem of stakeholders. ROBS4CROPS tackles technical challenges by creating a robotic farming solution that consists of three elements: smart implements, autonomous vehicles, and the farming controller. Existing agricultural implements and tractors will be upgraded so that they can function, together with existing agricultural robots, as parts of a robotic system."
https://wikifarmer.com/partnership-between-wikifarmer-and-bija-organization/,10/19/2023 20:03,"Partnership between Wikifarmer and Bija Organization Bija Organization is a non-governmental, non-profit and non-religious organization. We are working on creating a sustainable world by promoting the values espoused in the UN 17 Sustainable Development Goals."
https://wikifarmer.com/partnership-between-wikifarmer-and-manavlok/,10/19/2023 20:03,"Partnership between Wikifarmer and Manavlok MANAVLOK is a non-profit organization that works for the betterment of less privileged people with a new idea or an experiment in rural development, whereby villagers themselves are the focus of action and control. MArathwada NAVnirman LOKayat ‘MANAVLOK’ was established in 1982. Its mission is to achieve equality in the lives of women, landless laborers, and marginal farmers. In its 40 years of establishment, MANAVLOK provided various support to needy, destitute people, small and marginal farmers, landless laborers, women, etc."
https://wikifarmer.com/partnership-between-wikifarmer-and-universal-versatile-society/,10/19/2023 20:03,"Partnership between Wikifarmer and Universal Versatile Society Wikifarmer is always interested in building partnerships with organizations, universities, institutions, and projects worldwide. Our main goal is to democratize agriculture; we believe networking can help us achieve this. Wikifarmer and Universal Versatile Society are working together to help the agricultural sector. Universal Versatile Society (UVS) is a non-political, non-communal & non-governmental voluntary social organization. It is founded by a group of socially concerned and committed individuals in the year 2005 and registered under Societies Registration Act-XXI of 1860. Since its inception, UVS is actively engaged in Environment, Education, Health, and Women Empowerment thematic areas through people’s participation in Washim district, Maharashtra. The work of the organization is accompanied by sound fieldwork, research, and monitoring of each activity that were undertaken. With the collection of appropriate data, the organization puts an idea before the people through awareness drives. The organization has successfully established several initiatives across the Washim District in Maharashtra. Being enthusiastic and innovative, the building block of the organization is a tiny little principle as “Sustainable livelihood”, which has anchored all the activities."
https://wikifarmer.com/partnership-between-wikifarmer-and-action-for-development-of-grassroots-communities-adegco/,10/19/2023 20:03,Partnership between Wikifarmer and Action for Development of Grassroots Communities (ADEGCO)
https://wikifarmer.com/partnership-between-wikifarmer-and-groof/,10/19/2023 20:03,"Partnership between Wikifarmer and GROOF Wikifarmer is always interested in building partnerships with organizations, universities, institutions, and projects worldwide. Our main goal is to democratize agriculture; we believe networking can help us achieve this. Wikifarmer and GROOF are working together to reduce CO2 emissions. Many European countries are involved in the “GROOF project”, which stands for” Greenhouses to Reduce CO2 on RooFs” and is nationally supported by the CDEC (Council for Economic Development in Construction) with the support of the INTERREG NWE program. It is an innovative cross-sectoral approach to reduce CO2 emissions from the construction and agricultural sectors by combining energy sharing and local food production. The idea is precisely to use rooftop greenhouses as an efficient equipment in order to : – recover the heat produced and not consumed by the supporting building in an active way (through the ventilation and heating system) and passive way (30% of heat lost through the roofs on average) in a plant production, – collect the CO2 produced by the people and activities of the building to “feed” the plants – reduce CO2 emissions from transportation by producing plants locally. Thus, the ecosystem formed by the rooftop greenhouse and the existing support building requires much less energy than if the greenhouse were separate. The greenhouse itself is an additional activity located outside the building but shares energy in a way that makes both constructions more efficient."
https://wikifarmer.com/partnership-between-wikifarmer-and-gohydro/,10/19/2023 20:03,"Partnership between Wikifarmer and GOhydro Wikifarmer is always interested in building partnerships with organizations, universities, institutions, and projects worldwide. Our main goal is to democratize agriculture; we believe networking can help us achieve this. Wikifarmer and GOhydro are working together to promote hydroponics. GOhydro develops a cost-efficient smart-sensing ICT platform capable of monitoring the crops’ health and nutrient content of hydroponically cultivated microgreens in order to optimize the cultivation process and allow the harvest of the best possible products. The GOhydro platform steers AI-driven technological innovation towards the development of affordable, accessible-by-all tools applicable to all forms of urban farming. In this context, the GOhydro platform incorporates a multi-modal sensor kit driven by a thorough analysis of nutritional and lighting requirements of microgreens, along with a multi-model machine learning solution that will guide growers to optimize microgreens tending in accordance with the environment where their hydroponic unit is installed and operates. In a nutshell, GOhydro offers an innovative, easy-to-use e-agronomist which will assist any grower to fine-tune and optimize their hydroponic production."
https://wikifarmer.com/partnership-between-wikifarmer-and-hortimed/,10/19/2023 20:03,"Partnership between Wikifarmer and HortiMED Wikifarmer is always interested in building partnerships with organizations, universities, institutions, and projects worldwide. Our main goal is to democratize agriculture; we believe networking can help us achieve this. Wikifarmer and HortiMED are working together to promote circular horticulture. HortiMED is a PRIMA Project (Grant Number 1915) funded by European Union’s Horizon 2020 research and innovation programme. The project, coordinated by INKOA, counts with the participation of the National Institute of Oceanography and Fisheries-NIOF (Egypt); the University Mohamed Khider, Biskra (Algeria) and the University of Deusto (Spain). HortiMED is driven by the requirements of the Mediterranean horticultural communities, the increased competition and urgent need for technological update, the climate-related constrains and the ever-growing food demand. HortiMED aims at providing the Mediterranean horticultural community with innovative tools to enable resource efficient year round greenhouse cultivation by harnessing the potential of advanced technologies for smart nutrient, irrigation & climate control, and integrated pest management taking into account their feasibility and cost-effectiveness at individual greenhouse level. HortiMED pivots around two main axes: 1-enabling smart greenhouse management through a Decision Support System that integrates sensors, smart algorithms, efficient greenhouse control procedures and applies artificial intelligence techniques for enhanced adaptive greenhouse management; and 2-increasing circularity of horticulture by using aquaponics to close the loop in Mediterranean greenhouses.HortiMED technologies will be validated in low, medium and high technology greenhouses from Egypt, Algeria and Spain to demonstrate their economic feasibility and environmental sustainability."
https://wikifarmer.com/partnership-between-wikifarmer-and-dione/,10/19/2023 20:03,"Partnership between Wikifarmer and DIONE Wikifarmer is always interested in building partnerships with organizations, universities, institutions, and projects worldwide. Our main goal is to democratize agriculture; we believe networking can help us achieve this. Wikifarmer and DIONE are working together to promote common agricultural policy. The EU-funded DIONE project offers a unique fusion of innovative technologies that improves the workflow of agricultural monitoring. DIONE project is developing a direct payment controlling toolbox for paying agencies to abide by the modernised CAP (Common Agricultural Policy) regulations, involving novel techniques that will improve the capabilities of satellite technology while integrating various data sources (drones, soil sensors and mobile applications). At the same time a system developed on a regional or national scale will evaluate the monitored parameters to form evidence-based conclusions regarding eventual environmental impacts on an entire region."
https://wikifarmer.com/partnership-between-wikifarmer-and-agribit/,10/19/2023 20:03,"Partnership between Wikifarmer and AgriBIT Wikifarmer is always interested in building partnerships with organizations, universities, institutions, and projects worldwide. Our main goal is to democratize agriculture; networking can help us achieve this. Wikifarmer and AgriBIT are working together to promote precision agriculture. AgriBIT aims to enhance the agricultural process by providing increasingly precise, highly accurate, and consistently accessible Precision Agriculture services. This is achieved by integrating Global Navigation Satellite Systems (GNSS), particularly the advanced high-precision Galileo positioning and augmentation services such as EGNOS. It also incorporates Earth Observation (EO) data, sensors, and actuators in the field and on agricultural machinery. Applying Artificial Intelligence (AI) technologies and expert agricultural expertise further contributes to this improvement. AgriBIT’s overarching goal is to provide various customizable and adaptable solutions tailored to different agricultural applications and crop brands. This is accomplished through six specific objectives:"
https://wikifarmer.com/partnership-between-wikifarmer-and-envision/,10/19/2023 20:03,"Partnership between Wikifarmer and ENVISION ENVISION contributes to the achievement of CAP’s environmental objectives, offering the tools for the continuous, large scale and uninterrupted monitoring of farm management activities with regard to sustainability. These tools reinforce the monitoring of environmental- and climate-friendly agricultural practices stemming from EU policy ensuring that agricultural activities do not severely impact the climate and nature. ENVISION fully exploits the wealth of data made available through GEOSS and Copernicus and its synergetic use with other data to develop data products such as: Cultivated crop type maps, Soil Organic Carbon, Distinction of organic – conventional farming, Grassland mowing/ploughing, Soil erosion."
https://wikifarmer.com/partnership-between-wikifarmer-and-coala/,10/19/2023 20:03,"Partnership between Wikifarmer and COALA COALA (COpernicus Applications and services for Low impact agriculture in Australia) is a Research and Innovation project funded by European Commission Horizon 2020 RIA – Topic:DT-SPACE-06-EO-2019). Time and size: 2020–22 (1.7 m€). COALA will develop Copernicus-based information service for irrigation and nutrient management for the Australian agricultural systems, starting from the consolidated past experiences of the proposed European partnership, but based on strong collaboration with Australian Academic institutions and business players in the agricultural sector of Australia. This project has received funding from European Union’s Horizon 2020 research and innovation programme under grant agreement No 870518"
https://wikifarmer.com/partnership-between-wikifarmer-and-urbana/,10/19/2023 20:03,"Partnership between Wikifarmer and Urbana Wikifarmer is always interested in building partnerships with organizations, universities, institutions, and projects worldwide. Our main goal is to democratize agriculture; we believe networking can help us achieve this. Wikifarmer and Urbana are working together to promote urban farming. Urbana is an Operational Programme Competitiveness, Entrepreneurship, and Innovation 2014-2020 (EPAnEK) project, that aims at building a repository of good urban farming practices and raising awareness of the societal and environmental benefits of urban agriculture. The Urbana project created a technologically innovative platform to build a bridge of knowledge exchange between Urban Cultivators and Agricultural Consultants. Urbana acts as a crowdsourced collection of Do-It-Yourself (DIY) projects, as the users are able to present complete or ongoing, small-scale, urban cultivations and various constructions related to urban agriculture. At the same time, users are able to make use of information and advice that are collected from crowdsourcing mechanisms, IoT sensors, and social networks. Urbana creatively engages city population with urban agriculture and fosters social innovation and collective awareness of the sustainability of cities."
https://wikifarmer.com/partnership-between-wikifarmer-and-upscale/,10/19/2023 20:03,"Partnership between Wikifarmer and UPSCALE Wikifarmer is always interested in building partnerships with organizations, universities, institutions, and projects worldwide. Our main goal is to democratize agriculture; we believe networking can help us achieve this. Wikifarmer and UPSCALE are working together to promote push-pull technology in agriculture. UPSCALE is a H2020 Research & Innovation project worth €7.66 million, which started in November 2020 and lasts for 5 years. The project aims to take key steps to realize the transformative potential of push-pull technology by expanding its scope and applicability from individual fields to whole landscapes and regions, and from cereal to other important crops and cultivation systems. The overall goal is to address food security, livelihoods and climate change resilience in the sub-Saharan region of East Africa, while reducing the environmental impact of agricultural practices. For this, it will foster the design, adaptation and adoption of strategies for integrated agro-ecological management based on push-pull technology for wide-spread and climate-resilient sustainable intensification."
https://wikifarmer.com/partnership-between-wikifarmer-and-prima/,10/19/2023 20:03,"Partnership between Wikifarmer and PRIMA Wikifarmer is always interested in building partnerships with organizations, universities, institutions, and projects worldwide. Our main goal is to democratize agriculture; we believe networking can help us achieve this. Wikifarmer and PRIMA are working together to promote several EU agrifood projects. The Partnership for Research and Innovation in the Mediterranean Area (PRIMA) is an initiative launched by 19 Euro-Mediterranean Countries, including 11 EU States (Croatia, Cyprus, France, Germany, Greece, Italy, Luxembourg, Malta, Portugal, Slovenia and Spain) and 8 non-EU countries (Algeria, Egypt, Israel, Jordan, Lebanon, Morocco, Tunisia and Turkey) to participate in an EU joint research and innovation programme. In the legal framework of Article 185 of the Treaty on the Functioning of the European Union (TFUE) this ambitious initiative is set up to build research and innovation capacities and to develop knowledge and common innovative solutions for water management and agro-food systems on both shores of the Mediterranean inspired by principles of co-ownership, mutual interest and shared benefits across the Mediterranean basin. PRIMA works on four thematic areas namely Management of water: Integrated and sustainable management of water for arid and semi-arid Mediterranean areas Farming Systems: Sustainable farming systems under Mediterranean environmental constraints Agro-Food Value Chain: Sustainable Mediterranean agro-food value chain for regional and local development and WEFE Nexus: Interlinkage between water, energy, food and ecosystems in the Mediterranean."
https://wikifarmer.com/partnership-between-wikifarmer-and-ploutos/,10/19/2023 20:03,"Partnership between Wikifarmer and Ploutos Wikifarmer is always interested in building partnerships with organizations, universities, institutions, and projects worldwide. Our main goal is to democratize agriculture; we believe networking can help us achieve this. Wikifarmer and Ploutos are working together to rebalance the agri-food value chain. Ploutos is an EU-funded project, which is comprised by 33 partners and aims to rebalance the agri-food value chain and enhance its economic, social and environmental sustainability. In order to achieve this, the project will develop a Sustainable Innovation Framework, which will follow a systemic approach to the agri-food sector and build on a combination of behavioural innovation, collaborative business models and data-driven technological services. Based on this Framework, Ploutos will deploy 11 Sustainable Innovation Pilots throughout 13 European countries, where new innovation solutions and methodologies will be applied, tested, evaluated and practical lessons will be derived. Moreover, a virtual Innovation Academy will be set up, offering stakeholders the opportunity to attend a series of applied experiments and good practices related to the sustainability of the agri-food value chain. The Innovation Academy of Ploutos will be the mechanism for the design, support, presentation, and promotion of all the implemented innovations, ensuring their maximum impact. This will stand as the legacy of the project, integrating all the information and best practices that will transform the agri-food sector and make it more competitive, efficient and sustainable."
https://wikifarmer.com/partnership-between-wikifarmer-and-regeneration-academy/,10/19/2023 20:03,"Partnership between Wikifarmer and Regeneration Academy Wikifarmer is always interested in building partnerships with organizations, universities, institutions, and projects worldwide. Our main goal is to democratize agriculture; we believe networking can help us achieve this. Wikifarmer and Regeneration Academy are working together to promote regenerative farming. The Regeneration Academy is a young ambitious organization that works on the transition towards regenerative agriculture and entrepreneurship. By using education, R.A. gives young entrepreneurs and students the tools to become innovators in the field of regenerative agriculture and ecosystem restoration."
https://wikifarmer.com/partnership-between-wikifarmer-and-fair-planet/,10/19/2023 20:03,"Partnership between Wikifarmer and Fair Planet Fair Planet – Bridging the Seed Gap Fair Planet is a non-profit organization with a mission to increase food security and provide new economic opportunities for smallholder farmers, through access to high-quality seeds and training on good agricultural practices. Founded by seed experts who have lifetime experiences in the agricultural industry it collaborates with leading seed companies and has access to a world-wide collection of high-yielding, multi-resistant and climate resilient seed varieties. Fair Planet conducts professional and objective variety trials to identify the most suitable varieties for local farming practices, develops crop production protocols that fit smallholders’ technical and economic capacity, trains lead farmers by weekly visits in their own farmlands and trains local trainers, who pass on their knowledge to a larger circle of farmers. The results of this unique technology transfer methodology are outstanding: within 5-years in Ethiopia,150 local trainers and 2,363 lead farmers in 65 villages were trained. Due to fast adoption of better vegetable seeds and improved farming practices, more than 75,000 smallholders have tripled their food production and significantly increased their income. External evaluation found that 96% of the farmers’ families, together more than 485,000 people, benefitted from improved nutrition, 45% used their additional income to send their children to school and 96% saved money and can re-invest in generating sustainable income from farming."
https://wikifarmer.com/partnership-between-wikifarmer-and-regeneration-international/,10/19/2023 20:03,"Partnership between Wikifarmer and Regeneration International Regeneration International is a nonprofit organization with a mission to promote, facilitate and accelerate the global transition to regenerative food, farming and land management for the purpose of restoring climate stability, ending world hunger and rebuilding deteriorated social, ecological and economic systems. The vision of the organization is a healthy global ecosystem in which practitioners of regenerative agriculture and land use, in concert with consumers, educators, business leaders and policymakers, cool the planet, feed the world and restore public health, prosperity and peace on a global scale."
https://wikifarmer.com/partnership-between-wikifarmer-and-minnesota-soil-health-coalition/,10/19/2023 20:03,"Partnership between Wikifarmer and Minnesota Soil Health Coalition Wikifarmer is always interested in building partnerships with organizations, universities, institutions, and projects worldwide. Our main goal is to democratize agriculture; we believe networking can help us achieve this. Wikifarmer and Minnesota Soil Health Coalition are working together to help farmers. The Minnesota Soil Health Coalition is a farmer-led, farmer run non-profit organization focused on reducing inputs and increasing profits through farmer-driven conservation and education. It is a membership organization. The members can support soil health and enjoy the benefits of networking. Additionally, they can be the source of change in soil management, attend field days for free, access the mentor network, the specialist list, the Healthy Soils forum, and receive the monthly newsletter and information on soil health events. The Minnesota Soil Health Coalition works to promote large-scale adoption of soil health practices, unite conservation organizations and develop a soil health community."
https://wikifarmer.com/partnership-between-wikifarmer-and-promote-pollinators/,10/19/2023 20:03,"Partnership between Wikifarmer and Promote Pollinators Wikifarmer is always interested in building partnerships with organizations, universities, institutions, and projects worldwide. Our main goal is to democratize agriculture; we believe networking can help us achieve this. Wikifarmer and Promote Pollinators are working together to raise awareness regarding pollinators’ value for farming. Promote Pollinators, the ‘Coalition of the Willing’ on pollinators was founded at the end of 2016 in response to the Intergovernmental Science-Policy Platform on Biodiversity and Ecosystem Services (IPBES) Assessment Report on Pollinators, Pollination and Food Production. The assessment emphasises the threats that human activities pose to pollinators, and the key role pollinators play in the conservation of biological diversity, ecosystems, food production and the global economy. The first countries to join the Coalition were Austria, Belgium, Denmark, Finland, France, Germany, Luxembourg, Peru, Slovakia, Slovenia, Spain, the Netherlands, the United Kingdom and Uruguay. By now (early 2022), Promote Pollinators has 30 member countries and 4 observers. Members of Promote Pollinators sign a declaration and commit to taking action to protect pollinators and stop their decline, sharing experiences and lessons learned, seeking collaboration with stakeholders, developing research and supporting other members. Wikifarmer is one of the observers of the Coalition. Promote Pollinators supports members in developing national pollinator strategies through practical meetings and workshops. The coalition also shares knowledge with a wider network through a bi-monthly newsletter and regular webinars that are open to the public."
https://wikifarmer.com/partnership-between-wikifarmer-and-pathways/,10/19/2023 20:03,"Partnership between Wikifarmer and Pathways PATHWAYS for sustainable food aims to reduce environmental impacts while addressing societal demands for safe, affordable, nutritious, welfare-friendly meat and dairy products. PATHWAYS is identifying and increasing sustainable practices along the supply and production chains of the European livestock sector. Coordinated by the Swedish University of Agricultural Sciences (SLU) and comprising 30 partners from 12 countries, this 5-year (2021-2026), ), €9 million Horizon 2020 project contributes to the EU Farm-to-Fork Strategy, which is at the heart of the EU Green Deal. Using a participatory approach, the PATHWAYS project will co-develop visions, scenarios, and transition pathways for sustainable livestock farming and food systems based on innovative practice hubs, living labs, and interactions within a European multi-actor platform and broader community of practice. PATHWAYS will inform policy, research, and business strategies to support the transition to more sustainable livestock production and consumption, thus contributing to the EU Farm-to-Fork Strategy at the heart of the EU Green Deal. In a world where the delicate balance between feeding a growing population and safeguarding our planet’s resources is becoming increasingly critical, initiatives like the PATHWAYS project offer hope. With its ambitious objectives, robust consortium, and alignment with overarching EU strategies, PATHWAYS serves as a beacon of progress within the dynamic animal production landscape. Pathways"
https://wikifarmer.com/partnership-between-wikifarmer-and-bio-lush/,10/19/2023 20:03,"Partnership between Wikifarmer and Bio-LUSH Bio-LUSH – HORIZON EUROPE project Bio-LUSH project aims to demonstrate a reliable value chain that exploit the cell wall structure of underexplored plant resources (forest residues, marine plants and weeds) in Europe to extract high quality fibres. The plant selection, combined with traditional breeding, efficient valorisation routes and products specific tuning of fibre properties supported by advanced fibre characterisation will ensure high value fibres with short term potential for market entry, directed towards sustainable biobased products as textiles, food packaging and reinforced composites. The project will contribute to the retention of value of the EU’s fibrous biomass and the growth of European fibrous bioeconomy for revitalizing marginal areas and rural areas suffering from desertification or experiencing socio-economic difficulties. The extended and circular use of the plant biomass will also contribute to decarbonization and reduced eutrofication."
https://wikifarmer.com/partnership-between-wikifarmer-and-ceeweb-for-biodiversity/,10/19/2023 20:03,"Partnership between Wikifarmer and CEEweb for Biodiversity Wikifarmer is always interested in building partnerships with organizations, universities, institutions, and projects worldwide. Our main goal is to democratize agriculture; we believe networking can help us achieve this. Wikifarmer and CEEweb for Biodiversity are working together to promote sustainability. CEEweb for Biodiversity is a network of 35 organisations from 15 Central and Eastern European countries. As an umbrella organisation, we have been committed since 1994 to the conservation of biodiversity in Central and Eastern Europe. CEEweb works on transboundary projects, capacity-building activities, and advocacy and lobbying campaigns covering our nine areas of expertise: agriculture; biodiversity policies; climate action; GI &amp; ecosystem services; health &amp; biodiversity; Natura 2000; resilience; sustainability governance; and water. Our mission is to work for the conservation of biodiversity through the promotion of sustainable development. We do so through advocacy, networking with and influencing decision-makers, implementing national and transnational projects, and carrying out capacity-building and raising awareness activities."
https://wikifarmer.com/partnership-between-wikifarmer-and-bbtwins/,10/19/2023 20:03,"Partnership between Wikifarmer and BBTWINS Wikifarmer is always interested in building partnerships with organizations, universities, institutions, and projects worldwide. Our main goal is to democratize agriculture; we believe networking can help us achieve this. Wikifarmer and BBTWINS are working together to help the agricultural sector. Agri-food value chain digitalisation for resource efficiency Bio-Based Digital Twins (BBTWINS) is developing a digital platform for the optimisation of agri-food value chain processes and the supply of quality biomass for bioprocessing. The platform is based on ‘digital twins’ technology – creating a real-time digital replica of physical processes in the agri-food industry. BBTWINS also combines blockchain, artificial intelligence (machine learning and deep learning), big data, software analytics, computer simulation of agri-food processes, and the Internet of Things (IoT), in this single platform."
https://wikifarmer.com/partnership-between-wikifarmer-and-bees-for-development/,10/19/2023 20:03,"Partnership between Wikifarmer and Bees for Development Wikifarmer is always interested in building partnerships with organizations, universities, institutions, and projects worldwide. Our main goal is to democratize agriculture; we believe networking can help us achieve this. Wikifarmer and Bees for Development are working together to raise awareness regarding bees’ value for farming. Bees for Development is the global charity which makes life better with bees. We started in 1993 to deliver free and reliable information, and this aspect of our work remains at our core. Through our online Resource Centre (resources.beesfordevelopment.org) you can find all issues of Bees for Development Journal and how to subscribe. You can search our online library, access our manuals, guides, how-to videos, and fact sheets. Users’ enquiries are answered by our team of specialists. We have worked with so many beekeeping associations and groups over the years it is impossible to mention them all. Currently we are particularly proud to be working closely with our partners in Ethiopia, Ghana, India, Uganda and Zimbabwe. We support them in providing practical training in some of the world’s poorest communities. Together we work to link up remote producers to high value markets, to restore degraded land, to empower farmers to reduce their use of pesticides while increasing yields, to ensure this generation of leaders have their priorities straight, and to open the possibility of keeping bees for women, people with disabilities and even the most marginalised. Beekeeping becomes accessible for all when it is based on nature – that is when bees are free to swarm and take care of themselves, when simple hives are built with available natural materials, and where bees have access to a wide range of different flowering plants in an unpolluted environment. The Nature-based Beekeeping that we advocate means less work for the beekeeper, healthier honey bee populations and excellent harvest of clean, precious honey and beeswax."
https://wikifarmer.com/partnership-between-wikifarmer-and-biocos/,10/19/2023 20:03,"Partnership between Wikifarmer and BioCos Wikifarmer is always interested in building partnerships with organizations, universities, institutions, and projects worldwide. Our main goal is to democratize agriculture; we believe networking can help us achieve this. Wikifarmer and BioCos are working together to promote authentication in the agri-food sector. BioCos provides holistic DNA-based authentication and traceability solutions for companies active in the food, cosmetics, and pharmaceutical industries. In the health sector, BioCos supports companies with tailor-made Bioinformatics pipelines development for a wide range of applications. Upon request BioCos discovers and validates of novel biomarkers for different types of pathogens."
https://wikifarmer.com/partnership-between-wikifarmer-and-rice-science-center-rsc/,10/19/2023 20:03,"Partnership between Wikifarmer and Rice Science Center (RSC) Wikifarmer is always interested in building partnerships with organizations, universities, institutions, and projects worldwide. Our main goal is to democratize agriculture; we believe networking can help us achieve this. Wikifarmer and Rice Science Center (RSC) are working together to promote agricultural studies. Rice Science Center was established in 2005 at Kamphaeng Saen Campus, Kasetsart University. RSC is taking the major league in integrating science and technology to breed new climate-ready, nutrient-dense rice to fight double malnutrition and mitigate the effects of climate changes on sustainable crop cultivation in the near future."
https://wikifarmer.com/partnership-between-wikifarmer-and-fundacion-empresa-universidad-gallega-feuga/,10/19/2023 20:03,"Partnership between Wikifarmer and Fundación Empresa-Universidad Gallega (FEUGA) Wikifarmer is always interested in building partnerships with organizations, universities, institutions, and projects worldwide. Our main goal is to democratize agriculture; we believe networking can help us achieve this. Wikifarmer and Fundación Empresa-Universidad Gallega (FEUGA) are working together to share knowledge and advance agricultural sciences. The Galician Enterprise-University Foundation (FEUGA) is a non-profit, private-law entity, founded in 1982 and specialized in transferring knowledge, innovation, and technology from the Galician university system to the business world and society in general. The three Galician Universities are behind FEUGA, together with a series of companies, start-ups, entrepreneurs, and different public and private actors that dedicate their activity to the field of innovation and technological development, entities that recognize the value of R+D+i as an indispensable factor to improve productivity, competitiveness, growth and the economic benefit of society."
https://wikifarmer.com/partnership-between-wikifarmer-and-azerbaijan-state-agricultural-university-adau/,10/19/2023 20:03,"Partnership between Wikifarmer and Azerbaijan State Agricultural University (ADAU) Azerbaijan State Agricultural University aims to develop systematized knowledge, skills, and habits, competitive agricultural specialists with modern thinking. The University is located in ancient Ganja, a modernized city while still preserving its great history. Azerbaijan State Agricultural University was established as a faculty in 1920 and became an independent higher education institution in 1929. The University offers studies at the Bachelor, Master, and Ph.D. Degree levels and many research opportunities. The education system of the university consists of Agronomy, Soil science and agrochemistry, Veterinary medicine, Zoo engineering, Engineering, Agrotechnology, Agricultural Economics, Agribusiness and management faculties, correspondence education division, and master training center. The university provides education in Azerbaijani, Russian and English languages for more than 6000 students from the different regions of the country and abroad. There are more than 300 foreign students from 11 countries of the world at Azerbaijan State Agricultural University. Modern and refurbished buildings, classrooms, labs, Veterinary clinic, Plant Clinic, Education and experimental farm (78.3 ha), scientific research centers, baseline libraries, and internships in innovative agribusiness companies provide high-quality education here."
https://wikifarmer.com/partnership-between-wikifarmer-and-university-poonch-rawakalot/,10/19/2023 20:03,"Partnership between Wikifarmer and University Poonch Rawakalot The faculty of Agriculture in University Poonch Rawakalot Vision The University of Poonch Rawalakot intends to be the premier center of excellence by adopting interactive methodologies and research while strengthening the region’s positive historical and cultural values. Mission The University of Poonch Rawalakot is to build a foundation for educational opportunities under a conducive environment to take the best advantages for the identification of self-reliance, wisdom, values, human potential for the advancement of knowledge, development of skills, and intellectuals to contribute and support the society for the betterment of humanity. Agriculture is considered back bone of Pakistan economy and is the biggest contributor to the economic growth of Pakistan. Graduates with degrees in agriculture are highly sought after in the country. The degree in Agriculture empowers you with the general, scientific and problem-solving capabilities necessary to cater the demand for skilled graduates in agriculture sector. If you want to acquire knowledge of how we can exploit natural processes to sustainably feed our increasing population, improve natural resource management and contribute to Pakistan ever growing agricultural industry, education in Agriculture could be a perfect choice. The Faculty of Agriculture at University of the Poonch, Rawalakot is largest research and education institution in Azad Kashmir with 45 employees and over 450 students in 07 Departments. We are offering undergraduate, masters and doctoral degree programmes and our students are taught by some of the best teachers, researchers and professionals in the country. The Faculty’s most important aim is to contribute for resolving the major challenges facing agriculture with an amplified pressure on natural resources under the scenario of climate change. At the same time, the Faculty must contribute to generate economic growth and thus, ensure our welfare in society. This must happen in close collaboration with the society and public authorities, organisations and other universities, both in Azad Kashmir and rest of the country."
https://wikifarmer.com/partnership-between-wikifarmer-and-hawassa-university-hu/,10/19/2023 20:03,"Partnership between Wikifarmer and Hawassa University (HU) Wikifarmer is always interested in building partnerships with organizations, universities, institutions, and projects worldwide. Our main goal is to democratize agriculture; we believe networking can help us achieve this. Wikifarmer and Hawassa University are working together to promote agricultural studies. Hawassa University, as one of the leading Universities in Ethiopia, has changed its research approach to cater for problem-solving and life-impacting thematic and disciplinary research outputs. It has a long history of success in collaborative research work and community services. Hawassa University leads many internationally and nationally-funded research and community service projects including those supported by NORAD, World Vision, Canada (IDRC, CIDA), DAAD (CLIFOOD), GIZ, Melinda and Bill Gates Foundation, etc. The University also has immense collaboration experience in academic and research work with Universities in the country as well as a number of internationally known universities abroad. Having roots back in 1976, Hawassa University is currently fully committed to the provision of the three pillars of mandates given to higher academic institutions, which include research, technology transfer, and community services. The University has organized itself under seven colleges and three institutions offering trainings for more than 31274 undergraduate, 5283 Masters, and 255 Ph.D. level students under its regular and continuing education programs according to 2019/20 enrolment data."
https://wikifarmer.com/partnership-between-wikifarmer-and-universiti-malaysia-sabah/,10/19/2023 20:03,"Partnership between Wikifarmer and Universiti Malaysia Sabah Wikifarmer is always interested in building partnerships with organizations, universities, institutions, and projects worldwide. Our main goal is to democratize agriculture; networking can help us achieve this. Wikifarmer and Universiti Malaysia Sabah are working together to promote agricultural studies. Universiti Malaysia Sabah (UMS) was established on November 24, 1994, under Section 6 (1) of the University and College University Act 1971, legislated by the Malaysian government. The university is the ninth public university in Malaysia, offering a wide range of academic programs under its 12 faculties and three institutes. The university now operates at three campuses. The main campus is located in Kota Kinabalu, Sabah. Its second campus, UMS-Labuan International Campus, was established in May 1999 in the Federal Territory of Labuan. The third campus was established in Sandakan, Sabah, on May 4, 2006. The Sandakan campus is home to one of the departments at UMS, the Faculty of Sustainable Agriculture. The Faculty offers three programs: Bachelor of Agricultural Science with Honours in Crop Production, Horticulture and Landscaping and Livestock Production. The Faculty also offered postgraduate programs and PLUMS. ”Human resources are the most important asset to ensure a successful agricultural sector. Therefore, we are determined to produce well-balanced graduates with sound knowledge and high skills to compete nationally and internationally. The four-year undergraduate program at FPL provides students with theoretical and practical knowledge of agriculture. Students are also trained to think in solving problems and are instilled with an entrepreneurial culture better to prepare them for a future full of uncertainties.” Associate Professor Dr. Azwan Awang – Dean, Faculty of Sustainable Agriculture UMS The university Faculty aims to train the workforce in crop production, livestock production, and horticulture and landscaping, who will assist in improving the country’s agriculture sector based on three main principles: sustainability, awareness, and high technology. Through teaching, research, innovation, and extension of sustainable agriculture, the Faculty aspires to excel in the field of agriculture and to provide the latest knowledge in agriculture. UMS Universiti Malaysia Sabah"
https://wikifarmer.com/partnership-between-wikifarmer-and-rnb-global-university/,10/19/2023 20:03,"Partnership between Wikifarmer and RNB Global University RNBGU offers a wide range of undergraduate, postgraduate, integrated, and diploma courses in Agriculture, Arts, Commerce, Engineering, Law, Management & Social Science for Educating Stars for tomorrow. The course and curriculum are in accordance with the UGC guidelines and keeping in mind, the international standards. The university is ranked high on various parameters by acclaimed bodies and is a recipient of various awards including the Best University in Rural India by ASSOCHAM in 2018, and Best Education Brands by The Economic Times in 2017 for internationally benchmarked curriculum, innovative pedagogy, and experiential learning."
https://wikifarmer.com/partnership-between-wikifarmer-and-the-federal-university-of-lavras-ufla/,10/19/2023 20:03,"Partnership between Wikifarmer and The Federal University of Lavras (UFLA) Wikifarmer is always interested in building partnerships with organizations, universities, institutions, and projects worldwide. Our main goal is to democratize agriculture; we believe networking can help us achieve this. Wikifarmer and The Federal University of Lavras (UFLA) are working together to promote agricultural studies. For over a century, The Federal University of Lavras (UFLA) has portrayed a diverse network of people who interact with each other in an attempt to generate knowledge, innovation and societal development. Thus, UFLA is proud of its striking path, which has ensured it an outstanding position in the national scenario. UFLA’s 500 hectare campus draws the visitors’ attention due to its modern infrastructure, embracing its 18 educational and scientific departments, more than 150 classrooms and 250 thematic laboratories fully equipped to ensure the student’s progress to cross the knowledge boundaries. Featured in the environmental field, UFLA develops programs that have been models for the entire state such as the Chemical Waste Management Plan for laboratories, the collected rainwater system, the structuring of its watersheds, the planting of 50,000 seedlings of 53 native and fruit species and UFLA Recycle campaign, which traded plastic cups for reusable mugs. All this commitment has ensured UFLA the first position among all Brazilian universities that competed in the Green Metric 2012 ranking, elaborated by the Universitas Indonesia (UI) in order to highlight the efforts in sustainability and environmental management in the campus of universities worldwide."
https://wikifarmer.com/partnership-between-wikifarmer-and-university-of-applied-and-environmental-sciences-u-d-c-a/,10/19/2023 20:03,"Partnership between Wikifarmer and University of Applied and Environmental Sciences (U.D.C.A) Wikifarmer is always interested in building partnerships with organizations, universities, institutions, and projects worldwide. Our main goal is to democratize agriculture; we believe networking can help us achieve this. Wikifarmer and University of Applied and Environmental Sciences (U.D.C.A) are working together to promote agricultural studies. University of Applied and Environmental Sciences (U.D.C.A) is a modern non-for-profit Higher Education Institution founded in 1983 in Bogotá, Colombia, on the main purpose to contribute to the country’s agricultural sector development upon a deeply committment to sustainable development and society advancement through teaching, research, innovation and projects and actions intended to benefit community. Approaches science and technology from a humanistic and interdisciplinary perspective, promoting the free and critical debate and solutions from a local, national, regional and global perspective. U.D.C.A offers undergraduate and postgraduate academic programs, develops R+D+i projects and promotes entrepreneurships within several fields of knowledge: Agricultural Sciences, Environmental and Sustainability Sciences, Health Sciences, Law, Administrative and Commercial Sciences, Education and Chemistry. The university has a privileged Campus that offers students open areas in a countryside atmosphere, doted with Veterinary Clinic, a modern Laboratories building and other venues for practical and experimental work; besides its main Campus, the university also has two more academic locations in Bogotá and other one in the city of Cartagena, in the Colombian Caribbean. As a complement, U.D.C.A provides its students, professors and researchers with opportunities to learn, share and apply knowledge, as well as acquire new experiences to enrich them as professionals and global citizens through national and international agreements, memberships and academic networks."
https://wikifarmer.com/partnership-between-wikifarmer-and-lendahand/,10/19/2023 20:03,"Partnership between Wikifarmer and Lendahand Wikifarmer is always interested in building partnerships with organizations, universities, institutions, and projects worldwide. Our main goal is to democratize agriculture; we believe networking can help us achieve this. Wikifarmer and Lendahand are working together to help emerging local markets. Lendahand is a social enterprise where you can make your impact with crowdfunding. Our crowdfunding platform gives investors in Europe the chance to invest in entrepreneurs in emerging markets that don’t have access to the capital they desperately need. By providing debt financing to SMEs and financial institutions that have strong track records and proven business models, we’re able to help their businesses succeed and grow. As a result, they’re able to create new jobs and improve their local economies. These companies and institutions then repay our crowd with interest rates ranging from 3-7%. It’s a win-win for both parties in the truest sense. We’re helping fix the broken financial system in developing countries by providing a sustainable investment platform that our crowd of investors loves. Lendahand is also a certified B Corp. B Corporations are companies who are certified – after a thorough assessment – for meeting the highest standards of verified social and environmental performance, public transparency, and legal accountability to balance profit and purpose."
https://wikifarmer.com/partnership-between-wikifarmer-and-the-institute-for-a-greater-europe/,10/19/2023 20:03,"Partnership between Wikifarmer and The Institute for a Greater Europe Wikifarmer is always interested in building partnerships with organizations, universities, institutions, and projects worldwide. Our main goal is to democratize agriculture; we believe networking can help us achieve this. Wikifarmer and The Institute for a Greater Europe are working together to strengthen agriculture and help youth to engage. The Institute for a Greater Europe is a youth-led pan-European think tank based in Brussels, built upon the fundamental idea that the youth of Greater Europe aspire to work and collaborate more across Europe and beyond. Their mission is to generate challenging new ideas, bridge cultural divides and foster a community based around shared values across this wider European scale. They aim to do this through diverse and balanced writing, publications, interactive seminars with high-profile European leaders and scholars, workshops, events, and other publications such as podcasts. They’re run by an ambitious team of youth volunteers, from various national and academic backgrounds, the Institute allows everyone to express their ideas in a variety of formats."
https://wikifarmer.com/partnership-between-wikifarmer-and-organic-farm-knowledge/,10/19/2023 20:03,"Partnership between Wikifarmer and Organic Farm Knowledge Wikifarmer is always interested in building partnerships with organizations, universities, institutions, and projects worldwide. Our main goal is to democratize agriculture; we believe networking can help us achieve this. Wikifarmer and Organic Farm Knowledge are working together to promote organic agriculture. The Organic Farm Knowledge online platform provides access to a wide range of tools and resources about organic farming. The platform promotes the exchange of knowledge among farmers, farm advisers, and scientists, with the aim of increasing the productivity, quality, and sustainability of organic farming across Europe. The core of the Organic Farm Knowledge platform is the toolbox, which provides access to the ‘tools’ – ranging from practice abstracts, leaflets, videos, websites, etc. The tools were selected by or created in various projects and from several institutions. The platform was originally set up in the frame of two Horizon 2020 projects, OK-Net Arable and OK-Net EcoFeed. It is now governed by an executive and editorial board, and the core partners include the International Centre for Research in Organic Food Systems (ICROFS), IFOAM Organics Europe and the Research Institute of Organic Agriculture FiBL."
https://wikifarmer.com/partnership-between-wikifarmer-and-thought-for-food/,10/19/2023 20:03,"Partnership between Wikifarmer and Thought For Food Wikifarmer is always interested in building partnerships with organizations, universities, institutions, and projects worldwide. Our main goal is to democratize agriculture; we believe networking can help us achieve this. Wikifarmer and Thought For Food are working together to promote the agri-food sector. Thought For Food® is the world’s entrepreneurial innovation engine for food and agriculture. We work with more than 30,000 next-generation leaders from over 175 countries, empowering them to generate and scale breakthrough business ventures that build sustainable, inclusive, and resilient food systems. Our comprehensive suite of next-gen innovation programs include the TFF Challenge®, an annual collaborative innovation prize competition; the TFF Digital Labs™, a digital startup accelerator and collaboration platform; the TFF Ac ademy™, an in-person incubation program for world-class startups; and the TFF Summit™, a flagship global event focused on bringing the voices of the next generation together with policy and business leaders to co-create solutions."
https://wikifarmer.com/partnership-between-wikifarmer-and-biocyclic-vegan-international/,10/19/2023 20:03,"Partnership between Wikifarmer and Biocyclic Vegan International Wikifarmer is always interested in building partnerships with organizations, universities, institutions, and projects worldwide. Our main goal is to democratize agriculture; we believe networking can help us achieve this. Wikifarmer and Biocyclic Vegan International are working together to promote vegan farming. Biocyclic Vegan International is a broad network of associations, private individuals, companies and institutions withthe common objective to establish and promote a sustainable, closed loop and vegan oriented form of organic farming by introducing the biocyclic vegan principles in all areas of agriculture and food production. Through its member associations in various countries, the network advises growers on the conversion to biocyclic vegan farming and raises public awareness of the benefits of this form of cultivation. In addition, it participates in research projects on humus accumulation and sustainable soil fertility increase through the use of biocyclic humus soil on a purely plant-based basis. The legal foundation of the International Biocyclic Vegan Network is the Berlin-based not-for-profit company Adolf-Hoops-Gesellschaft mbH who is the editor of the Biocyclic Vegan Standard and the owner of the Biocyclic Vegan Quality Seal."
https://wikifarmer.com/partnership-between-wikifarmer-and-fara-africa/,10/19/2023 20:03,"Partnership between Wikifarmer and FARA Africa FARA is the continental apex body for agricultural research and innovation (R&I). It is the body mandated by the African Union Commission (AUC) to facilitate pan-African actions aimed at effectively deploying R&I to increase the continent’s agricultural productivity and competitiveness to feed its fast-growing population. FARA is an international organization with full diplomatic status in Ghana where it is headquartered. FARA was first conceived in the late 1990s by a core group of committed champions, including both African scientists and enlightened donor aid officials. FARA has since evolved to work in synergy with Sub-Regional Organizations (SROs), which are the West and Central African Council for Agricultural Research and Development (CORAF/WECARD), Association for Strengthening Agricultural Research in Eastern and Central Africa (ASARECA), Centre for Coordination of Agricultural Research and Development for Southern Africa (CCARDESA) and North African Sub-Regional Organization (NASRO). FARA also works with the African Forum for Agricultural Advisory Services (AFAAS). FARA serves as the entry point for agricultural research initiatives designed to have a continental reach or a sub-continental reach spanning more than one sub-region. From the moment it was found, FARA has provided a continental forum for stakeholders in Agricultural Research for Development (AR4D) to shape the vision and agenda for this sub-sector, and to mobilize themselves to respond to key continent-wide development frameworks, notably the Comprehensive Africa Agriculture Development Programme (CAADP). FARA also plays a key role in galvanizing the agricultural research for the development sector and brings a strong African voice to global forums such as the G-8 and the Global Forum on Agricultural Research (GFAR)."
https://wikifarmer.com/partnership-between-wikifarmer-and-iaas/,10/19/2023 20:03,"Partnership between Wikifarmer and IAAS The International Association of Students in Agricultural and Related Sciences (IAAS) is an organization that binds together all students worldwide that share a similar dream and ideals for agricultural and related sciences. Since its inception in 1957, IAAS has played a significant role in transforming the agricultural education world. This is manifested through its tireless effort exhibited through training and releasing to the different communities thousands of students and professionals with varying expertise that suit the biological sciences field. IAAS is a non-governmental youth organization independent of any international body, governmental or religious mandate, and has no political affiliation. The IAAS body has over 10,000 students who make up over 150 Local Committee representatives of their Faculties in more than 50 countries worldwide."
https://wikifarmer.com/partnership-between-wikifarmer-and-epso-2/,10/19/2023 20:03,"Partnership between Wikifarmer and Global Plant Council The Global Plant Council is a global coalition of plant science research organizations promoting plant science and highlighting its importance and impact on society. It provides an independent and inclusive forum to bring together those involved in plant research, training, and education."
https://wikifarmer.com/partnership-between-wikifarmer-and-epso/,10/19/2023 20:03,"Partnership between Wikifarmer and EPSO Wikifarmer is always interested in building partnerships with organizations, universities, institutions, and projects worldwide. Our main goal is to democratize agriculture; we believe networking can help us achieve this. Wikifarmer and EPSO are working together to bridge the gap between plant scientists and farmers. EPSO, the European Plant Science Organisation, is an independent academic organisation currently representing 71 institutional members bringing together around 200 research institutes, departments and universities from 31 countries in Europe and beyond. EPSO’s mission is to improve the impact and visibility of plant science in Europe. EPSO’s priorities are to develop science strategy and provide science advise policy towards a strategic approach and critical mass funding for basic and applied research across Europe, to support scientists with our Working Groups, Seminars and Communication tools, and to facilitate science outreach to improve the understanding, appreciation and engagement in plant science."
https://wikifarmer.com/partnership-between-wikifarmer-and-tp-organics/,10/19/2023 20:03,"Partnership between Wikifarmer and TP Organics Wikifarmer is always interested in building partnerships with organizations, universities, institutions, and projects worldwide. Our main goal is to democratize agriculture; we believe networking can help us achieve this. Wikifarmer and TP Organics are working together to promote sustainable agriculture. TP Organics is a European Technology Platform (ETP) officially recognized by the European Commission, uniting companies, research institutes, and farmers’, consumers’, and civil society organisations active in the organic value chain from production, input, and supply to food processing, marketing, and consumption. As an ETP, TP Organics develops research and innovation agendas and roadmaps for research action at the EU and national levels. R&I is crucial for the development of the organic sector and the design of more sustainable food systems. That is why TP Organics advocates for more research funding benefiting organic and agroecological approaches that contribute to sustainable food and farming systems. Next to identifying the research needs of the organic and agroecological sector and relaying research priorities to policymakers at European and national level, TP Organics promotes research participation, informing its members about funding opportunities for R&I and enhancing knowledge exchange between the organic actors."
https://wikifarmer.com/partnership-between-wikifarmer-and-world-farmers-organization/,10/19/2023 20:03,"Partnership between Wikifarmer and World Farmers’ Organization Wikifarmer is always interested in building partnerships with organizations, universities, institutions, and projects worldwide. Our main goal is to democratize agriculture; we believe networking can help us achieve this. Wikifarmer and World Farmers’ Organization are working together to promote agriculture and farmers. The World Farmers’ Organisation (WFO) is a member-based association, bringing together national farmers’ organizations and agricultural cooperatives from all over the world. WFO mission is to represent the farmers’ voice and advocate on their behalf in all the relevant international processes affecting their present and their future, ranging from the global dialogue on agriculture to nutrition and sustainability. This includes Climate Change negotiations (COP), Committee on World Food Security (CFS), United Nations Disaster Risk Reduction (Sendai Framework), IFAD’s farmers’ forum, AMR debate (OIE, FAO, WHO), trade (WTO), and many more. The objective is to create the conditions for the adoption of policies and programs that can improve the economic environment and livelihood of producers and rural communities, strengthening the contribution of agriculture in tackling the challenges humankind faces."
https://wikifarmer.com/partnership-between-wikifarmer-and-csayn/,10/19/2023 20:03,"Partnership between Wikifarmer and CSAYN Wikifarmer is always interested in building partnerships with organizations, universities, institutions, and projects worldwide. Our main goal is to democratize agriculture; we believe networking can help us achieve this. Wikifarmer and CSAYN are working together to strengthen agriculture and help youth to engage. GCSAYN is a dynamic network of youth-serving individuals and partner organizations with a strong interest in Climate Smart Agriculture and sustainable agriculture. Our network encompasses 124 countries in Africa, Asia, the USA, Latin America, and Europe, through connection utilizing online platforms, where members share findings and seek practical advice for their projects and activities."
https://wikifarmer.com/our-authors/,10/19/2023 20:03,"AgriBIT Alon Haberfeld Amelia Quinn Andreia Fausto Anna Ioannidi Antony Kamuti Arkesh Shenoy Athanasios Parisakis Benjamin Akane BioCos Biocyclic Vegan International Canol Ojukwu Chia Shaphan Yong Chitra Bahadur Bohara Christina Marantelou Clare Sullivan Coala Project David Adeoye Dayana Andrade Dimitris Afentoulis Dionysia Bourtsoukli Dr E.V.S. Prakasa Rao Dr. agr. Johannes Eisenbach Dr. Bill Davies Dr. Christian Bachem Dr. Christos Myriounis Dr. Filitsa Karamaouna Dr. George Frisvold Dr. Georgios Daoutopoulos Dr. KC Bansal Dr. Rajendra Uprety Dr. Rakib Rashid Dr. Sudarshan Dutta Dr. Yashoda Jadhav Esteban Gutierrez La Torre Eulogia Bohol Eva Moscholidaki Evangelos Kontogiannis Evgenia Sarakatsani Fayez Aladamawi Felix Amiri George Marakas George Ntallis Giacomo Ciriello Godfrey Meyer Petgrave Guillaume Morel-Chevillet Husna Falaksher INCiTiS-FOOD Project Jaclyn De Candio Jeremiah Holegrape Jestin Bose Jim Cornall Joe Regenstein Kasun Hettige Lin Walker Lina Papadaki Lorenzo Franchini Luis Palicio Luka Marcinkovic Manali Chakraborty Marco Costanzo Maria Gerakari Mario González Azcárate Martín Ventura Viana Matthew Wedzerai Muhammad Ahmad Nafesat Lawal Nikolaos Barkolias Niranjan Thakur Nuno Meira Nur Alim Bahmid Okeoghene Sike-Ezo Orestis Theofanoudis Panagiotis Vlachogiannis Paolo Di Bona Patricia Duque-Estrada Pavithra Sathnur Petros Lioupis Αgriculture expert Poultry (chicken) specialist - Content Creator Head of Programme at World Food Programme Biologist with a focus on mycology Agronomist specialized in Industrial Microbiology and Biotechnology and Content writer Agronomist - Co-founder of Prakheti Agrologics Agriculturist specialized in the Ghanaian Cocoa system Network of associations Science communicator specialized in Environmental Conservation and Climate Change Postdoctoral Researcher in Wageningen University & Research Student, Bsc Agriculture and Forestry Agriculturalist - Food Scientist, M.Sc. Nanobiotechnology Soil scientist and agronomist at Oregon State University Sustainable and Precision Agriculture Expert Syntropic Agriculture Expert MSc. Agronomist Honorary Scientist CSIR-Fourth Paradigm Institute, Bengaluru, India Coordinator at Biocyclic Vegan Network Emeritus Distinguished Professor of Plant Biology at Lancaster University Geologist – Rural & Surveyor Engineer, MSc, Phd Groundwater Hydrology Senior Researcher in Entomology, Head of Laboratory of Efficacy Control of Pesticides, Benaki Phytopathological Institute Professor, Bartley P. Cardon Chair of Agribusiness Economics and Policy, University of Arizona Scientist, Agronomist, Farmer & Writer with passion for Sustainable Agriculture Secretary of the National Academy of Agricultural Sciences Executive Director-AgriGreen Nepal Deputy Dean (Academic & Student Affairs) at the Faculty of Sustainable Agriculture, Universiti Malaysia Sabah Carbon farming expert Plant Breeder Doctoral candidate in Food Biofunctionality at University of Hohenheim Experienced International Fruit Quality Controller, Trader and Farmer. Trainee in Plant Health Monitoring team-European Food Safety Authority (EFSA) Food & Sustainability Mentor at European Institute of Innovation for Sustainability Technical Director at AFISS Αgronomist specializing in precision agriculture PhD Apiculture Landscape Architect and Engineer Plant Breeder - Agronomist Enthusiastic hobby hydroponic gardener Dairy Technologist Multi award-winning editor-writer Professor at Cornell University - Head of the Kosher and Halal Food Initiative Research Scientist | Food Technologist | Consultant Assistant Professor & Extension Specialist at North Carolina State University Vertical Farming consultant and environmental educator Food Quality and Safety Professional Vineyard manager Postdoctoral fellow Centre for Technology Alternatives for Rural Areas (CTARA) Agricultural expert (in precision farming) PhD candidate student at the Agricultural University of Athens Local Food Systems researcher - Agvocate Animal Scientist/Professional freelancer writer Student at University of Agriculture, Faisalabad MSc Agronomist & Oenologist Research scholar at ICRISAT, Patancheru, India Advisor on Climate Smart Agriculture and Agricultural Insurance Food Scientist Co- Founder of Cellular Agriculture Greece, Lecturer of Cellular Agriculture Food labelling expert, Regulatory affairs, Food safety specialist Postdoctoral Researcher MSc Plant Breeder – Agronomist"
https://wikifarmer.com/partnership-between-wikifarmer-and-gasca/,10/19/2023 20:03,"Partnership between Wikifarmer and GASCA “Working together to ensure that the world’s agriculture can sustainably feed and nourish humanity and secure livelihoods in the face of a changing climate” Vision Aspirational outcomes Wikifarmer is always interested in building partnerships with organizations, universities, institutions, and projects worldwide. Our main goal is to democratize agriculture; we believe networking can help us achieve this. Wikifarmer and GACSA are working together to promote new technologies in agriculture and sustainability. GACSA is an inclusive, voluntary and action-oriented multi-stakeholder platform on Climate-Smart Agriculture (CSA). Our vision is to improve food security, nutrition and resilience in the face of climate change. GACSA aims to catalyze and help create transformational partnerships to encourage actions that reflect an integrated approach to the three pillars of CSA. Recognizing the importance of empowering farmers, GACSA facilitates dialogue, knowledge exchange and partnerships through an open, diverse and inclusive multi-stakeholder platform, to catalyze actions on enhancing agriculture, forestry, livestock and fisheries practices and systems that increase productivity in a sustainable way, improve resilience and adaptation and reduce/sequester emissions. The Alliance is uniquely positioned to facilitate transformational partnerships, and its value addition lies in the following core action-oriented functions: The Alliance recognizes the urgent need to act at scale and to contribute towards three aspirational outcomes: Partners GASCA partnership Wikifarmer partnership"
http://wikifarmer.com/submit-an-article,10/19/2023 20:03,"Submit an Article Join our community and Become an Author Insert/edit link Fill in your details What your profile will look like Costas Papadopoulos The details of your article Your photo and your short bio will be published in the “Author Box” of your article. Are you passionate about farming and ready to share your knowledge and expertise with our global audience? We are ready to publish your original article, opinion, or analysis and make knowledge accessible to everyone. Publishing an article through Wikifarmer is a great opportunity for authors to help millions of farmers, gain worldwide publicity and showcase their expertise in front of a highly relevant audience on a global platform with huge traffic. You can also include a link to your blog or webpage, which we will gladly publish if your article fulfills the above requirements. Our expert agronomists will review the article and verify its validity, originality, and usefulness for the rest of our community. The user bears sole responsibility for using, evaluating, assessing, and utilizing any information provided on this website. Enter the destination URL Or link to existing content Notifications * (It will be published below your article) It will not be published 1 Article Paragraph I agree with the terms and conditions . Close URL Link Text"
http://wikifarmer.com/events,10/19/2023 20:03,"Events Search and Views Navigation October 2023 November 2023 December 2023 Event Views Navigation Regenerative Agriculture Research Program For Students International Meeting on Traditional, Organic and Biodynamic Seeds and Agriculture for Life Saudi Agriculture 2023 Organic Innovation Days Expanding the Circle for Agronomic Gain Success: Bridging the Gap Between Science and Farmers Phytoponic Composting & Biocyclic Humus Soil Generation: Workshop 30/10-01/11/2023 Agri-Food Tech Expo Asia 2023 Asia-Pacific Agri-Food Innovation Summit 2023 2023 World Sustainability Conference International OFE Conference 2023 The Regenerative Agriculture Research Program offers positions to students who are committed to make a change in the way we approach agriculture through their thesis work or internship. This program offers research to students who: Would like to combine their thesis/internship with an on farm learning opportunity on regenerative agriculture. Most universities offer ECTS for […] On October 20th and 21st, the International Meeting on Traditional, Organic and Biodynamic Seeds and Agriculture for Life will take place at the Federal University of Lavras, in Minas Gerais, Brazil. The Luz Figueira Community, affiliated to the Fraternidade – Humanitarian Federation (FFHI), is part of the organization of the Meeting, thus being able to […] The 40th edition of the international exhibition for agriculture, Food, Aquaculture, Packaging and Agro-industry is the largest B2B event of agriculture sector in the region showcasing leading technologies and solutions, cutting-edge engineering, and innovations. Over the course of the last thirty-nine Years, Saudi Agriculture has been the meeting place of industry leaders and its leading […] The Organic Innovation Days 2023, TP Organics’ annual public event and the only EU event on organic and agroecological research and innovation, will take place in Brussels from 25 to 26 October under the title ‘Citizen-driven transformation of European food systems’. For this year’s edition, TP Organics is partnering with FoodSHIFT 2030, a Horizon 2020 project focused on transforming the European food system towards a […] We cordially invite you to join us for a seminar with the theme "" Expanding the Circle for Agronomic Gain Success: Bridging the Gap Between Science and Farmers” As we continue to work to provide agronomy solutions that benefit farmers, we must embrace an essential concept – making the circle bigger. In other words, we need to reach […] Intensive course/Workshop (three days): Production of Phytoponic Compost Substrate (PCS) and its refinement into Biocyclic Humus Soil under the conditions of biocyclic vegan cultivation. BIOCYCLIC PARK, Kalamata/Greece, Oct 30 - Nov 01, 202 Monday, 30/10/2023 10:00 h Welcome to Biocyclic Park and tour of the compost site 10:15 h Introduction to the mission of the International […] ABOUT AGRI-FOOD TECH EXPO ASIA Agri-Food Tech Expo Asia is a strategic platform that evolves with the industry and is shaped by leaders and experts to explore strategies and solutions for sustainable systems and production to build a vibrant Agri-Food hub in Asia. The trade fair provides a focused exhibition platform with a “living lab” […] As the anchor event of Singapore International Agri-Food Week (SIAW), the Asia-Pacific Agri-Food Innovation Summit brings together over 1100 global leaders to identify the strategic priorities as we build greater capacity, security and resilience in Asia’s agri-food system. From alternative proteins, aquaculture and CEA to sustainable smallholder production, the world’s leading agribusinesses, growers, CPG and ingredient […] The Green Institute and the HeTa Food Research Centre of Excellence, University of Birmingham are pleased to announce the 2023 World Sustainability Conference, with the theme ""Harnessing the Intersection of Food, Water, and Energy for a Sustainable Future."" This annual event brings together experts from a variety of fields to address the complex challenges of […] The global OFE Network and many other institutions and organizations such as CornellCALS, GFAR, ISPA, and many others organize the 2nd International OFE Conference Conference! The organizers' agenda is to coordinate the production of a global picture of change at the intersection of agricultural, social, and data sciences. On-Farm Experimentation (OFE) is a systematic approach […] Loading view. Search List Month Day Upcoming THU 19 September 4 December 21 A farm called Finca el Roble Murcia FRI 20 October 20 October 21 Federal University of Lavras Minas Gerais MON 23 October 23 @ 8:00 am October 26 @ 5:00 pm Riyadh International Convention & Exhibition Centre WED 25 October 25 October 26 26 October 26 @ 12:00 pm 5:00 pm online Free 30 October 30 November 1 Biocyclic Park EO Pilou Kalamatas, Kalamata, Peloponnese TUE 31 October 31 @ 8:00 am November 2 @ 5:00 pm Sands Expo and Convention Centre, Singapore November 3 @ 5:00 pm Singapore 22 November 22 December 5 December 7 €46 Previous Events Events Next Events"
https://wikifarmer.com/papaya-soil-preparation-planting-and-plant-density/,10/19/2023 20:03,"Planning and Planting Papaya Site selection – Where to plant papaya Planting the papayas – Most common planting distances for papaya Climate and Location: Soil Preparation for Planting Papayas Planning a successful papaya cultivation requires careful consideration of several key factors and conditions. Before Planting, it is important to carefully examine the field’s The three major environmental factors to consider in selecting a site to grow papayas are temperature, moisture (rainfall and soil drainage), and wind. In general, papaya trees should be planted in fully sunny places for best growth and fruit production. It is better to choose the warmest area of the landscape that will not flood after typical rainfall. Additionally, choose a part of the landscape away from other trees, buildings, and other structures. Papayas thrive in tropical and subtropical climates with temperatures between 68°F to 90°F (20°C to 32°C). Ensure your location has a low risk frost risk, as papaya plants are sensitive. Additionally, consider the altitude, as papayas generally grow best at elevations below 6,000 feet (1,800 meters). Papaya plants require plenty of sunlight, ideally receiving at least 6 hours of direct sunlight per day. Papayas prefer well-draining soils with good fertility. Plants will do well with care in sands, loams, and rocky soils with a pH of 4.5 to 8.0. However, the ideal pH level is 6.0 to 6.5. Incorporate organic matter like compost or well-rotted manure to improve soil structure and fertility. To prepare a site for planting papaya trees, a farmer should take into account many factors. These include alleviating soil compaction, enhancing soil fertility, adjusting the soil pH, and managing weeds, pests, and diseases. Attention to these details can help reduce weed and disease problems, resulting in a healthy plantation. The specific requirements for site preparation will vary depending on the land’s previous use, including the crop history, current vegetation, and the presence of diseases and pests. Amend the soil as needed and incorporate organic matter like compost or well-rotted manure to improve soil structure and fertility. Ensure a reliable and consistent water source, as papayas need regular watering to maintain soil moisture. Implement a well-planned irrigation system to provide consistent moisture to the roots, especially during dry periods. Choose papaya varieties well-suited to your climate and intended use (e.g., for fresh consumption or processing). Determine the appropriate spacing between papaya plants, considering the variety and local conditions. Adequate spacing allows for good air circulation and prevents overcrowding, reducing the risk of diseases. Papaya plants should be planted at least 7 to 10 ft (2.1–3.1 m) away from each other to ensure that at least one of them will be fruitful. This will also facilitate fertilizing and watering. Identify common pests and diseases in your region and develop a pest management plan. Develop a fertilization schedule based on soil test results and the specific needs of papaya plants. Learn about proper pruning techniques to improve air circulation, reduce the risk of disease, and shape the plant for better fruit production. Understand the optimal ripeness indicators for your chosen papaya variety. Plan for efficient harvesting methods and post-harvest handling to minimize damage and ensure the highest fruit quality. Planting a papaya tree correctly is a fundamental step in ensuring the successful growth and productivity of the tree. To begin this process, it is essential to make a thoughtful selection when choosing a papaya tree from a nursery. Most nurseries offer papaya plants, typically found in containers ranging from 1 to 3 gallons (3,5-11 lt) in size, with tree heights typically spanning from 6 inches (2.5 cm) to 2 feet (3m). When selecting a nursery papaya tree, it’s crucial to avoid opting for large trees confined within smaller containers. This is because these trees may exhibit a condition known as being “root-bound.” In a root-bound situation, the tree’s root system has entirely occupied the available space within the container to the extent that the primary tap root starts to grow in a circular pattern along the container’s edge. Root-bound trees may face difficulties in establishing proper root growth when eventually transplanted into the ground. Additionally, scrutinize the trunk of the tree for wounds or constrictions that could hinder its development. In sandy soil: In regions like Florida characterized by sandy soil, clear a circular area of grass sod with a diameter ranging from 3 to 5 feet (0.9 to 1.5 meters). Subsequently, dig a hole that is 3 to 4 times wider in diameter and 3 times deeper than the container in which the papaya tree is originally housed. By creating a relatively large hole you facilitate the loosening of the soil surrounding the new tree. This makes it easier for the tree’s roots to extend into the adjacent soil. Importantly, there is no need to incorporate fertilizer, topsoil, or compost directly into the hole. In fact, it is discouraged to place topsoil or compost at the bottom of the hole with the intention of planting on top of it. If you do want to enhance the native soil with topsoil or compost, it should be mixed with the excavated soil at a maximum ratio of 1:1. Gradually backfill the hole with some of the excavated soil, ensuring it is properly tamped to eliminate air pockets. Next, remove the papaya tree from its container and position it within the hole, making sure that the top of the soil media from the container is level with or slightly above the surrounding soil level. Fill the soil in around the tree’s roots and gently tamp it down. Subsequently, water the soil around the tree and its roots. While staking the tree using a wooden or bamboo stake is optional, it’s essential to avoid using wire or nylon rope, as these materials may eventually harm the growing tree trunk. Instead, opt for a cotton or natural fiber string that decomposes slowly. Typically, space the rows of papaya plants 6 to 8 feet (1.8 to 2.4 meters) apart. Wider row spacing allows for better air circulation, which can help reduce the risk of diseas, better access for maintenance and harvesting. Within each row, space the papaya plants about 5 to 8 feet (1.5 to 2.4 meters) apart to have enough space to grow and absorb nutrients. In Rockland soil: In areas like Miami-Dade County, where the soil is exceptionally shallow and just a few inches below the soil surface lies a hard bedrock, a specific planting method is needed. Start by removing a circular area of grass sod with a diameter ranging from 3 to 5 feet (0.9 to 1.5 meters). Then, dig a hole that is 3 to 4 times wider in diameter and 3 times deeper than the container the tree came in. To dig this hole, you can use tools like a pick and digging bar to break through the rock, or you can enlist the services of a company equipped with augering equipment or a backhoe. Follow the same tree planting guidelines as detailed in the previous section. On a mound: Many places are situated within approximately 7 feet (2.1 meters) or so of the water table, leading to occasional flooding after heavy rains. To enhance the survival of fruit trees in these regions, consider planting them on a mound comprised of native soil. This mound should be approximately 2 to 3 feet high and have a diameter ranging from 4 to 10 feet (0.3 to 0.9 meters by 1.2 to 3.1 meters). After creating the mound, proceed to dig a hole that is 3 to 4 times wider in diameter and 3 times deeper than the container in which the papaya tree is originally housed. soil type, water absorption and drainage, Sunlight duration frost risk and frequency, temperature range, irrigation water availability, wind and airflow patterns Typically, plants 6 to 8 feet (1.8 to 2.4 meters) apart. Wider row spacing allows for better air circulation, which can help reduce the risk of diseas, better access for maintenance and harvesting. Within each row, space the papaya plants about 5 to 8 feet (1.5 to 2.4 meters) apart to have enough space to grow and absorb nutrients. papaya planting"
https://wikifarmer.com/papaya-propagation-and-pollination/,10/19/2023 20:03,"How to propagate papaya plants Papaya pollination Propagate Papaya by seeds How to Propagate Papaya by Cuttings Factors Affecting Pollination Papaya is mainly propagated by seed. Tissue culture and rooted cuttings are practiced to a limited extent. The parent plants determine the sex of the plant. To propagate by seed, remove the seeds from a ripe fruit and place them in a colander. Press the seeds against the side of the colander to break the sarcotesta (sac) that is surrounding the seed. This sac inhibits seed germination. Rinse seeds thoroughly and place on a paper towel to dry with no direct sunlight exposure. Once seeds are dry, they may be placed in a plastic bag and stored in the refrigerator for several years for later use. Propagating and planting 2 to 3 plants generally ensures fruit production from at least one plant. This is because, depending on the source of seeds, they may produce female, bisexual, or male plants. In a clean, sterile artificial media, you can plant 2 to 4 seeds in each 1-gallon (3.8-liter) container. Water and place the containers in a sunny location. The germination phase might take two to three weeks. Once seedlings have emerged, select the most vigorous and snip the others off at the soil line. Fertilize the seedlings with a dilute complete fertilizer solution every 10 to 14 days; once plants have reached 6 to 12 inches (15–30 cm) tall, plant in a sunny location. To propagate from cuttings, start by preparing 1-gallon pots filled with a potting mix (e.g. consisting of perlite and coconut coir in a 2:1 ratio). Ensure the potting mix is moistened until it reaches the point of runoff. Choose side shoots from the parent papaya plant, which should be 1 to 3 feet long and have a diameter between 1 to 3 inches. Make the cut about halfway between the top and the base of the proximal swollen base (phellem tissue). Remove the leaf lamina from all mature leaves on the cutting, but retain the petioles (leaf stalks). Dip the base of the cutting into a specially formulated gel to prevent stem rot and stimulate root formation for 3 to 5 minutes. The gel includes ingredients such as hydroxyethyl cellulose, streptomycin sulfate, indole butyric acid (IBA), riboflavin, azoxystrobin, etc. Place the treated cuttings into the prepared pots filled with the moistened potting mix. If necessary, you can stake the cuttings to provide support. Water the potting media manually every other day. Apply 15 mL of the gel mixture to the base of the cuttings in a specific schedule: every other day during the first week, every two days during the second week, every third day during the third week, and once in the fourth week. Optionally, spray the apex of the cutting and all new leaves with a fungicide-nutrient solution two to three times a week or apply liquid fertilizer to the soil. After 4 to 5 weeks, the cuttings should have rooted successfully and can be fertilized weekly until they are ready for planting in the field. Transplant the rooted papaya cuttings to the field after an additional four to five weeks, during which they should continue to be cared for and fertilized as needed. Papaya plants should be planted at least 7 to 10 ft (2.1–3.1 m) away from other plants, buildings, and power lines to facilitate fertilizing and watering. Papaya plants produce separate male and female flowers on the same plant, a characteristic known as “monoecious.” This means that both male and female flowers exist on a single papaya tree. Papaya flowers are primarily pollinated by wind and insects, although some self-pollination can occur. Wind plays a crucial role in transferring pollen from male to female flowers. The breeze carries the pollen from the male flowers to the female flowers. Insect pollinators, particularly bees, can enhance pollination efficiency. Bees are attracted to the sweet nectar produced by papaya flowers and can transfer pollen between flowers as they forage. Cross-Pollination vs. Self-Pollination of papaya plants Papayas are considered to be primarily cross-pollinated by wind and insects. Cross-pollination, where pollen is transferred between different papaya plants, can produce more robust fruit. Self-pollination, where pollen is transferred from male to female flowers on the same plant, can occur but is generally less efficient regarding fruit yield. In some commercial papaya cultivation settings, hand pollination may be practiced to ensure consistent and efficient pollination. Hand pollination involves manually transferring pollen from male to female flowers using a brush or gently shaking the flowers to release pollen. https://www.growables.org/information/TropicalFruit/documents/PapHortScience.pdf Weather conditions, particularly wind and rainfall, can influence the effectiveness of papaya pollination. Excessive rain can wash away pollen, while strong winds can disperse it more effectively. The presence of pollinators, such as bees, can significantly enhance pollination rates. Proper spacing of papaya plants can promote better pollination, allowing for adequate air circulation and reduced competition for pollinators. papaya pollination papaya propagation"
https://wikifarmer.com/papaya-plant-care-irrigation-and-fertilization-of-papaya-plants/,10/19/2023 20:03,"Water requirements and Irrigation of Papaya Fertilization of Papaya – Nutrient needs of papaya plants Papaya Irrigation Systems When to fertilize your papaya plants Watering is essential for achieving the best plant growth and fruit production. The soil should have good drainage. Papaya plants are very sensitive to even short periods of flooding. They can lose their vigor and, in extreme cases, even die. On the other hand, papaya plants that experience drought stress may drop flowers, leaves, and young fruit and produce small fruit of low sugar content. Plants growing in soils with a capacity to hold water should not be overwatered. In growing regions that receive regular precipitation, irrigation may only be needed to supplement rainfall. In areas with limited rainfall, growers may need to supply up to 10 gallons (38 liters) of water per tree daily during the fruit-bearing period. Generally, irrigation to grown-up papaya plants is given once in 7-10 days in winter and 4-5 days in summer. The ring irrigation system has been found effective as it helps prevent collar rot as there is no direct contact between the water and the stem portion. Papayas are fast-growing plants that require an abundant supply of nutrients to be highly productive. Supplemental fertilization is particularly important in soils with low fertility. Papaya is a fast-growing plant that can produce flowers and fruits throughout the year. Fertilizers should be applied 15-20 cm (6-7 inch) from the stem in a 10 cm (3.9 inch) trench. Depending on the density of planting you can have 1500 to 1700 plants per acre at 1.5 x 1.5 m (59 x 59 inches) or 450 plants per acre at 3 x 3 m (118 x 118 inches) planting distances. The last one is more recommended as the plants will have more space to grow and absorb the nutrients from the ground. Inorganic fertilizers can be used as top dressing, applying 220 grams (7 ounces) of Nitrogen, Phosphorus, and Potassium per plant per year (220 kg/hectare or 196 pounds/ acre). Usually, it is applied every 60 days. Excessive nitrogen should be avoided as it can promote plant and foliar growth and cause. Organic fertilizers can be applied regularly throughout the year to promote growth, strengthen the plants and increase the yield. Before planting, to ensure good root development, you can add organic material to the soil. You can fill the pits with 20 kg (705 ounces) of topsoil and 20 kg manure (705 ounces) (and 1 kg bone meal). The application of 300g N/pit (10.5 ounces N/pit), [330 kg/ha or 290 pounds/acre] , has been shown that it can increase the yield. If you are going to plant the seeds, you can apply a 14-14-14 slow-release fertilizer or mulch 3 – 4 weeks after the planting. If you are planting young papaya plants or seedlings (6-12 inches) tall. You can apply 0.5 ounces (14 gr) of slow-release fertilizer 14-14-14 per tree. After that, you can apply 4 ounces (110 gr) per month per tree (after the third month after planting). The conversions are 45 kg/ha or 40 pounds/acre. When the plant is seven to nine months old, apply 1 to 2 pounds of a 14-14-14 fertilizer per plant once per month. During autumn and winter, when the growth is slower, reduce the amount and the frequency. Another solution is to apply 250 g (9 ounces) of a 10-10-10- 5 mixture (with 30% nitrogen from natural organic sources) at planting time or shortly after [270kg/ha or 240 pounds/acre]. This fertilizer is applied every two weeks and should gradually increase to 750 g (26 ounces) until the plants are 7 to 8 months old, (830kg/ha or 740 pounds/acre). In fully productive trees, papaya should be fertilized once every two months. Each plant needs approximately 90 grams (3 ounces) of urea, 150 grams (5.3 ounces) of superphosphate and 140 grams (4.9 ounces) of muriate of potash. Overall, the total requirements are 250g (8.8 ounces) N, 250g P2O5, and 500g (17.6 ounces) K2O per plant per year. The conversions are 270kg/ha or 240 pounds/acre N, 270kg/ha or 240 pounds/acre P2O5, and 540 kg/ha or 580 pounds/acre K2O. Additionally, you can apply 7 – 10 kg (240 – 353 ounces) of farmyard manure per plant twice per year. Another solution that can be applied is fertigation, which can save 25-30% fertilizer. You can apply 50 g (1.7 ounces) N, 50 g K2O, and 50g P2O5 with drip irrigation every two months per plant. papaya fertilisation papaya irrigation"
https://wikifarmer.com/how-to-cultivate-papayas-for-profit-complete-papaya-production-guide/,10/19/2023 20:03,"Papaya Cultivation Guide for Profit Handling of Papaya The importance of papaya in the global market – Which are the top papaya producer countries? Papaya: Environmental Conditions Best soil conditions for papaya plants Which Factors Influence Papaya Yield Marketing and economics of Papaya cultivation Papayas rank as the fourth most traded tropical fruit globally, trailing behind bananas, mangoes, and pineapples. An interesting fact is that roughly 75% of the world’s papayas originate from ten countries. India is leading the pack in papaya production, with Brazil, Indonesia, Nigeria, and Mexico following suit. In contrast, papaya production within the United States accounts for a mere 0.1% of total global production. While the United States isn’t a significant papaya producer, it stands as the world’s largest importer of papayas. Most papayas imported into the U.S. are destined for the domestic market, primarily as fresh fruit. Mexico plays a pivotal role, supplying approximately 75% of the papayas imported into the United States, particularly between March and mid-June. Within the United States, commercial papaya cultivation primarily occurs in Hawaii, California, Texas, and Florida. Florida boasts the most favorable climate for papaya cultivation in the continental United States. Here, papayas grow year-round, with a focus on Miami-Dade County, where the highest production levels are reached during the summer and fall. The two primary papaya varieties cultivated are the small or Hawaiian type and the large or Mexican type. Small varieties, often called ‘solo,’ include prominent cultivars like Kapoho, Sunrise, SunUp, and Rainbow. On the other hand, the most prevalent Mexican cultivar is Maradol. Papaya growth and production are highly sensitive to various climatic factors. The plants prefer warm climates with ample sunlight and heat (at least 6 hours of direct sunlight per day). Ideal conditions for papaya cultivation involve consistently warm to hot temperatures, ranging from 70°F to 90°F (21°C to 32°C) in tropical and subtropical areas. Soil temperatures above 60°F (15.5°C) are essential for optimal root growth. Papaya plants are extremely vulnerable to freezing temperatures, with damage occurring below 31°F (-0.6°C). Extreme temperatures, exceeding 90°F (32°C) or falling below 59°F (15°C), can negatively impact papaya plants. High temperatures may cause flower drop, while low temperatures can hinder flowering and result in misshapen fruit. A minimum monthly rainfall of 4 inches (100 mm) and an average relative humidity of 66 % are considered “ideal” for papaya growth and production. While protection from strong winds is beneficial, it’s worth noting that their need for sunlight takes precedence over wind shelter. Papayas can grow in shaded areas, but the produced fruits may be less sweet. Ensure your location has a low risk of frost climate, as papaya plants are sensitive to cold temperatures. Additionally, papayas generally grow best up to an altitude of 6,000 feet (1,800 meters). Papayas prefer well-draining soils with good fertility. Plants will do well with care in sands, loams, and rocky soils with a pH of 4.5 to 8.0. However, the ideal pH level is 6.0 to 6.5. It is crucial to cultivate papaya in light, well-drained soil enriched with organic matter. Excessive moisture is a common adversary, as these trees are susceptible to waterlogged conditions, which can prove fatal. Consequently, maintaining an optimal moisture balance is key; the soil should stay moist in hot weather and become drier during colder periods. Papaya plants are intolerant of both salty water and saline soil. Flooding, even for brief periods, is something papaya trees cannot tolerate. Therefore, regions characterized by consistent, evenly distributed rainfall throughout the year, without the threat of flash floods, waterlogging, or strong winds, are the most suitable for their growth. Once papayas are harvested, they are often stored at a temperature of 85ºF (29.4ºC) and high atmospheric humidity for approximately 48 hours. This period helps enhance the fruit’s color before packing. A standard decay control method prevents fruit fruit from rotting during transit and storage. This involves submerging the papayas in a hot water bath at 120ºF (48.9ºC) for approximately 20 minutes, followed by a cool rinse. This process helps eliminate potential pathogens on the fruit’s surface. Additionally, carnauba wax application is common, as it creates a protective layer on the fruit’s skin, preventing moisture loss and reducing the risk of rot. Irradiation may also be used as a means of fruit fly control. This process exposes the fruit to ionizing radiation to kill any potential pests or larvae. After the necessary treatments, papayas are carefully packed. They are typically placed in a single layer within corrugated cardboard boxes. These boxes are often lined with low-density polyethylene foam to cushion and protect the fruit during transport. To preserve the quality of the fruit and slow down the ripening process, papayas are cooled before shipment. The recommended storage temperature for harvested papayas depends on their ripeness. Green to one-quarter yellow papayas are ideally stored at around 55ºF (12.8ºC), while fully ripe papayas that are over one-half yellow should be stored at 45ºF (7.2ºC). It’s crucial not to store papayas at temperatures colder than the recommended range, as excessively low temperatures can cause damage to the fruit. Before embarking on papaya cultivation, conduct thorough market research to understand the demand for papayas in your target market. Identify potential buyers, including local markets, grocery stores, restaurants, and export opportunities. Analyze market trends, consumer preferences, and pricing dynamics to make informed decisions about when and where to sell your papayas. Choose papaya varieties that are in demand in your target market. Different regions may prefer specific papaya varieties based on taste, size, and appearance. Consistently produce high-quality papayas by implementing good agricultural practices (GAPs). This includes proper irrigation, fertilization, pest and disease management, and post-harvest handling. Quality control measures should ensure that papayas meet market size, color, flavor, and shelf life standards. Establish competitive and profitable pricing strategies. Consider pricing adjustments based on seasonal variations in supply and demand. Develop efficient distribution and logistics channels to transport papayas from the farm to the market. Ensure that the papayas reach the market in optimal condition. Explore opportunities to add value to your papaya products. This can include processing papayas into juices, jams, dried fruit, or other value-added products that can command higher prices. Value-added products can help reduce post-harvest losses and increase profitability. Investigate the potential for exporting papayas to international markets. This may involve complying with the target countries’ export regulations and quality standards. Be aware of tariff barriers, shipping costs, and export logistics. Keep meticulous financial records to monitor production costs, revenue, and profitability. Develop risk management strategies to mitigate factors that can affect papaya cultivation, such as adverse weather, pest outbreaks, or market fluctuations. Consider crop insurance or diversifying your agricultural activities to spread risk. papaya cultivation"
https://wikifarmer.com/papaya-plant-major-pests-diseases-and-weed-management/,10/19/2023 20:03,"Papaya Pests and Diseases Physiological and Physical Disorders in Papaya Plants Weed control in a papaya plantation Papaya plant Major Pests Most Important Diseases of Papaya Plant The disease with the higher economic importance is is caused by the mosaic virus, which is transmitted mechanically or by the green peach aphid and other aphids, including the green citrus aphid, Aphis spiraecola. Virus mosaics have no remedy, but measures to avoid spread include destroying affected plants, controlling aphids with pesticides, and eliminating all members of the Cucurbitaceae from the vicinity. Mosaic is sporadic and scattered. A serious disease during the seedling stage is seedling rot or Phytophthora, causing soft rot and wilting of seedlings, which also affects mature trees. It can be controlled by good drainage and sanitation control, that is, by removing all infected plants. Anthracnose causes dark, depressed lesions on ripe fruits, which then become soft, dark-colored and unattractive. The fungus Collectotrichum gloeosperoides can be controlled by recommended fungicides. The root-knot nematode affects the roots, causing galls and damage to the root system. Like all fruits, Papayas are susceptible to various physiological and physical disorders. These issues can affect the fruit’s appearance, taste, and quality. The most important and common weeds in papaya are: Either mechanical or chemical methods can succeed in weed control. Manage papaya weeds through either manual (mechanical) or chemical means. For optimal weed control, consider employing a combination of both approaches. Mulching is highly effective in suppressing weed growth while preserving soil moisture; apply mulch, especially in young plantings, using grasses like Guatemala, Napier, or other plant materials. Mechanical methods employ 2 types of either hand or mechanical slashing: Care should be taken when hand slashing is used not to cause injuries to the tree trunk. Continuous mechanical slashing may lead to compaction, and ripping may have to be considered to promote root growth. Plowing displaces the compacted layer to just below the depth of the plow while ripping can break up compacted layers if it is done when the soil is relatively hard and dry. In papaya orchards, only paraquat and glyphosate among pre and post-emergence herbicides have been reported for use. Be cautious to prevent the spray solution from drifting onto young seedlings. https://www.business.qld.gov.au/industries/farms-fishing-forestry/agriculture/biosecurity/plants/diseases/horticultural/papaya-phytophthora-diseases http://ufdcimages.uflib.ufl.edu/IR/00/00/27/55/00001/IG07400.pdf https://nhb.gov.in/pdf/fruits/papaya/pap002.pdf https://ipmdata.ipmcenters.org/documents/pmsps/HIPapayaPMSP.pdf https://www.ikisan.com/tn-papaya-weed-management.html The larvae of this fly devour papaya seeds and their interior tissues. Particularly menacing is the wasp-like papaya fruit fly, as it lays eggs on the fruit, leading to a larval infestation. Only thick-fleshed fruits are somewhat spared from this onslaught. Controlling this pest at a commercial scale remains a formidable challenge. Home gardeners resort to covering the fruit with paper bags, but this must be done early, replacing the bags every 10 days or 2 weeks as the fruits mature. This pest can cause significant economic losses in papaya farming. The key to controlling papaya fruit flies is to prevent the egg-laying in fruits. Controlling adult females before they deposit eggs in the fruit is necessary. Bagging can effectively control the fruit fly in small plantings (one to 25 plants or less than 1/10 hectare). This cunning culprit weaves a web around the fruit and stem, feasting on the tissue beneath. It hides between the main stem and the fruits, damaging both and making them susceptible to diseases like anthracnose. Swift action is essential – spray at the onset of fruit formation or at the first sign of webs. These webs can act as entry points for other pathogens, further jeopardizing papaya crops. To manage this issue, it is advised to use an insecticid based on the advice of your regional agronomist. Additionally, employing malathion and/or Bacillus thuringiensis for other insects could potentially decrease or assist in controlling the webworms. These sap-sucking insects target the underside of younger leaves, draining the plant’s nutrients. An infestation often leads to the growth of black mildew, fed by the whitefly’s excretions. Timely intervention is crucial; commence spraying or dusting when you observe a significant number of adults. Neglecting this pest can severely impact papaya plant health and overall yield. The whiteflies in papaya are parasitized by Amitus fuscipennis Amitus sp . and Encarsia tabacivora. This mite sucks juices from the leaves and commonly infests the stem and leaves, scarring the fruit. Young plants, especially in cooler weather, are at risk of damage from the broad mite. Vigilance is the key to early detection. Left unchecked, red spider mites can defoliate papaya plants, reducing photosynthesis and fruit production. Scale insects, such as Aspidiotus destructor, Coccus hesperidium, Philaphedra sp. , can infest papayas plant and fruit might even be more susceptible. Proactive measures are essential to prevent the disfigurement and loss of papaya fruit quality. These pests can also transmit diseases, compounding the damage. This scale insect can be controlled from a diverse range of at least nine predators, including the mealy bug ladybird ( Cryptolaemus montrouzieri ). It is also susceptible to attack by the Verticillium lecanii fungus, which can lead to mortality rates of up to 90% during the summer. Additionally, two small parasitic wasps, namely Coccophagous lycimnia Trichomastus portoricensis , intermittently contribute to significant mortality levels. Root-knot nematodes like Meloidogyne incognita acrita and reniform nematodes Rotylenchulus reniformis , pose a substantial threat, particularly in sandy soils. Effective chemical control is challenging and costly, so preventive actions like site rotation, maintaining plant vigor, and mulching are essential. Soil fumigation may be necessary if nematode populations are high. Nematodes can undermine the root system, stunting plant growth and reducing fruit production. Gophers are another menace, burrowing underground and feeding on the roots of papaya plants. Their activity can lead to severe damage and even plant loss. However, they can be deterred by planting in wire baskets. Gophers can undermine the stability and health of papaya plants, making protective measures crucial. The disease with the higher economic importance is is caused by the mosaic virus, which is transmitted mechanically or by the green peach aphid and other aphids, including the green citrus aphid, Aphis spiraecola . Virus mosaics have no remedy, but measures to avoid spread include destroying affected plants, controlling aphids with pesticides, and eliminating all members of the Cucurbitaceae from the vicinity. Mosaic is sporadic and scattered. A serious disease during the seedling stage is seedling rot or Phytophthora, causing soft rot and wilting of seedlings, which also affects mature trees. It can be controlled by good drainage and sanitation control, that is, by removing all infected plants. Anthracnose causes dark, depressed lesions on ripe fruits, which then become soft, dark-colored and unattractive. The fungus Collectotrichum gloeosperoides can be controlled by recommended fungicides. The root-knot nematode affects the roots, causing galls and damage to the root system. This virus is very common and spreads through the same carriers. Mosaic and ringspot viruses are the main issues affecting papaya production and the biggest threats to the papaya industry. Early signs include irregular patterns on young leaves, yellowing with transparent areas, leaf distortion, and ring-shaped marks on the fruit. If you don’t remove infected plants, the disease can quickly spread across the plantation. Fruits that develop two to three months after the first symptoms appear will have an unpleasant, bitter taste. It’s believed that at least three virus diseases are contributing to papaya decline in East Africa, and it’s suggested that these diseases may be partly spread when tapping green fruits for their latex, which is the source of papain. There are no control measures for this disease, and it is very difficult to control it once it has become established. Therefore the farmer should focus on preventive measures to avoid infestation. Infected plants should be removed and destroyed as soon as the symptoms are noticed. : It’s transmitted by leafhoppers like Empoasca pawpawe, E. dilitara, E. stevensi. Papaya plants can experience die-back, a condition of unknown origin. It starts with the shortening of the petioles and bunching of inner crown leaves. Then, larger crown leaves quickly turn yellow. You can manage this by cutting back affected plants at the first sign of the disease. If you cover the cut stem to prevent rotting, healthy side branches will grow back. This problem is most common during hot, dry springs following a season of heavy rains. Antibiotics, such as chlortetracycline or tetracycline hydrochloride, have successfully treated Bunchy Top disease in the soil around infected plants. This is a significant papaya disease caused by the fungus Colletotrichum gloeosporioides . It primarily affects ripe fruits, causing rot. You can control it by regular spraying and hot water treatment of harvested fruits. Some strains of this fungus cause “chocolate spots,” which are small, angular, superficial lesions. A disease similar to anthracnose, attacking ripening papayas, was reported in the Philippines in 1974, with the causal agent identified as Fusarium solani. . It can be controlled by spraying Dithane M-45 (a broad spectrum fungicide that is composed of Ethylene-bis-dithio-carbamate %, manganese 16 %, and Zinc 2 %) on the leaves and fruits every ten days. Of course, you should always ask for advice from your regional agronomist and apply fungicides available in your region. This disease is prevalent in wet weather. Phytophthora parasitica affects and rots the stem, roots, and fruit, leading to fruit fall and mummification. You can reduce its incidence by using fungicidal sprays (e.g metalaxyl-M) to soil and removing diseased plants and fruits. Pythium sp. causes severe root rot in papayas in Africa. P. ultimum causes trunk rot. Collar rot in 8- to 10-month-old seedlings, evidenced by stunting, leaf yellowing and shedding, and total root loss is attributed to attack by Calonectria sp . Sometimes, root rot is so severe in India that growers abandon their plantations. Papaya plants and their fruits are often affected by powdery mildew caused by Oidium caricae. Remove infected plants as soon as these are detected. Regular inspection and rogueing can contain the disease in many instances. Wettable sulfur, sulfur dust, or lime sulfur, along with potassium bicarbonate, have demonstrated efficacy in managing this disease. It is essential to note that these treatments may pose a risk of plant toxicity when administered in hot weather conditions. Alternatively, baking powder, neem oil extracts, and soap solutions might be beneficial in certain instances. Injured fruits are susceptible to fungal rot caused by R. stolonifer Phytophthora palmivora. Stem-end rot occurs when fruits are pulled instead of cut from the plant. This fungus spreads quickly through the wounds. Research shws that the application of Reforce® + salicylic acid to 6 days before the harvest was efficient in the control of the disease and delayed ripening of the fruit. The application of Acibenzolar-S-Methyl after harvest (0.15; 0.30 g/L) was effective against fruit rot. Always ask your regional agronomists about what products are available in the region. Additionally, apply only authorized products for papaya to avoid any residues in your fruits. This disorder is caused by a calcium deficiency in the fruit. It appears as a dark, leathery patch on the blossom end of the papaya. To prevent this, ensure the plant receives adequate calcium through proper fertilization. Papayas can develop scars on their skin due to wind damage, abrasions, or insect feeding. While these scars don’t affect the fruit’s taste, they reduce its visual appeal. Excessive exposure to direct sunlight can lead to sunburn on papaya skin. Sunburned areas become discolored and leathery. Protecting the fruits with shading or pruning the plant for better fruit coverage can help prevent sunburn. Papayas are sensitive to low temperatures. Exposure to cold conditions, even for a short period, can cause chilling injury. Symptoms include surface pitting, uneven ripening, and off-flavors. Store papayas above 50°F (10°C) to avoid chilling injury. This disorder manifests as brown or translucent patches inside the papaya. It’s usually caused by calcium deficiencies, temperature fluctuations, or moisture stress during fruit development. Adequate irrigation and stable temperatures can help prevent internal browning. Cyanodan dactylon Cyperus rotundus – ( Nutgrass) Ageratum conyzoides – (Gog weed) Amaranthus viridis Boerhaevia diffusa Euphorbia hirta Parthenium hysterophorus Trianthema decanni Trianthema portulacastrum papaya diseases papaya pests papaya weed management"
https://wikifarmer.com/papaya-harvest-yield-and-storage/,10/19/2023 20:03,"Yield of papaya – How much a papaya plant can yield? Harvesting Papaya fruit Picking Maturity – When it is best to harvest papaya plants How to harvest papaya plants – Papaya harvesting methods and post harvest handling Agricultural statistics indicate an average yield of 30 tonnes per hectare, but high variability exists depending on the country and cultivation system. A typical arrangement for the orchards gives a plant population of 792 to the acre at a spacing of 3 by 1.5 m. The expected yield is 400 to 1230 pounds per acre (890 kg per hectare) per week. Years 1 and 2 yield 0.8 cartons/tree and 5 cartons/tree, respectively. It is assumed Papaya takes 10 months to grow and is then picked for the following 14 months. It has a productive life of 6 years. Papaya is normally packed into 13kg cartons. The maturity of the fruit is closely related to the moisture content of the fruits The fruit is usually ready to be picked with a moisture content of about 80 % or less. The following procedure may be applied to determine maturity: Pick a representative sample of fruit that has already attained the average mature size of the cultivar concerned. Store the fruit at room temperature until it ripens. Experience is an important factor in determining the picking maturity. Only some fruits on the tree will simultaneously reach the same degree of maturity. If there is doubt, it is better to wait than harvest prematurely. Papaya fruits should be harvested when the color of the peel changes from dark green to light green and when one yellow streak begins development from the base upwards. Fruits in this condition will continue to ripen usually after harvest. If you harvest the fruits before this stage, they will fail to show complete ripening, and if you harvest them after, they are more susceptible to damage and bruising during handling. Papayas are mainly harvested manually. Depending on the tree’s size and age, you can use specialized tools, or knives or collect the fruits by hand (manually). After harvesting, the fruits should be placed in single layers into shallow field crates, preferably containing a foam layer for cushioning. All stems should be trimmed after harvest to ensure no stem-to-fruit rubbing occurs during transport to the packing facilities. Fruits should never be thrown or dropped. Field crates containing the fruit should be kept in shaded conditions protected from the sun and rain while awaiting collection for delivery to a packing facility. Mesh bags, sacks or baskets are unacceptable for papaya transport due to the high susceptibility and bruising. Care should be taken during transport in field crates to minimize the movement of fruit. Caution: Always handle fruit carefully during harvesting and packing because fruits are bruised and scratched easily. Fruit pickers should wear gloves when harvesting fruits to ensure that their fingernails do not scratch the fruits. The fruit should be cut off and not pulled from the trees. A section of stalk, measuring 10 to 15 mm, may be left attached to the fruit. Healthy fruit should be carried in canvas picking bags. The bags must be clean inside. Only carry a few fruits in such a picking bag at one time. A tripod ladder may reach fruits high in the tree. Using suitable equipment will prevent unnecessary damage to the fruits, save labor, and be safer for laborers. Fruit harvested and placed to ripen at the recommended harvest stage (one yellow stripe) will ripen to 60 to 70% yellow coloration within four to six days under room conditions. https://www.mdpi.com/2223-7747/12/5/1189 papaya harvest papaya yield"
https://wikifarmer.com/the-importance-of-mulching-in-vegetable-production/,10/19/2023 20:03,"Thabang Daniel Habi District Resource Teacher in the Ministry of Education & Farmer What is the meaning of mulching? What is the benefit of mulching? How and when to apply mulch Which are the major types of mulches? Mulching uses materials such as leaves and plastic to cover the soil surface and create favorable conditions for plant growth. The term “mulch” means covering the soil. Organic mulches are made of organic materials. While decaying, mulches provide nutrients like potassium, nitrogen, phosphorus, and trace elements to the soil. Organic mulching degrades the soil, improves organic matter, and, as a result, improves the water-holding capacity of the soil. Sub-types of organic mulches Inorganic mulches refer to those materials that cannot break down over time; these can be artificial products. Inorganic mulches do not improve soil health because they never release nutrients. However, gravel and river stones work best for plants that prefer additional heat and require good drainage. In some situations, they are more appropriate than organic. Weed management: Mulch will not entirely remove weeds but can reduce their emergence by competing with them for space and light access, saving farmers weeding time and decreasing the need for chemical weed control. Habitat for beneficial insects: Mulches provide a beautiful home for valuable insects and other animals, which work as natural enemies of essential crop pests, keeping them under control. Improve soil quality: As they break down over time, organic mulches release nutrients into the soil, which enhances soil health and quality. Improves soil water retention: Mulch helps maintain water by decreasing its evaporation from the soil surface. In this case, there is less need for frequent irrigation, making the crop more drought-resistant. Protect roots from extreme temperatures: It retains heat in winter and helps maintain the soil cool in summer. It acts as a temperature leveler, forbidding the ground from reaching high temperatures and protecting roots from damage. Protect from soil erosion and reduce nutrient leaching: It protects rain droplets from hitting the soil surface and slows run-offs of soil and nutrients. Reduce mud-splashed incidences: Heavy rain sometimes could lead to waterlogging. Many vegetables are sensitive to these conditions, reducing yields and fruit rotting. Reduce costs: When is applied, the farmer needs fewer herbicides and fertilizers. The labor required is also reduced. Generally, the optimum time is in the spring after some rainfall. Mulching too early in the spring will cause a further drop in the soil temperature, which is undesirable. Plant enthusiasts are advised to mulch in the gardens after all spring bulbs bloom. Because one of the primary purposes is soil moisture control, applying it shortly after a light rain is considered a good practice as long as the ground is not fully wet. After spreading the mulch, softly spray the area with water to help it set and remain in place. Organic mulches can suppress annual weeds and offer vital benefits to crop plants. Some of them are the organic matter and nutrients added, better moisture retention, the soil protection from erosion, and the moderation of soil temperature. Organic mulch can improve crop growth and competitiveness against weeds by maintaining soil moisture. Inorganic mulch prevents heavy rain from splashing soil on the lower leaves of plants, as well as keeping the pores open. It also helps avoid compaction on the sidewalk throughout the garden and beds. Bhardwaj, R. L. (2013). Effect of mulching on crop production under rainfed conditions review. Agricultural Reviews, 34(3), 188-197. Gill, H. K., & McSorley, R. (2012). Effects of different organic mulches on the soil surface arthropod community and weeds in snapdragon. International Journal of Pest Management, 58(1), 33-40. Jordán, A., Zavala, L. M., & Gil, J. (2010). Effects of mulching on soil physical properties and runoff under semi-arid conditions in southern Spain. Catena, 81(1), 77-85. Kader, M. A., Senge, M., Mojid, M. A., & Ito, K. (2017). Recent advances in mulching materials and methods for modifying soil environment. Soil and Tillage Research, 168, 155-166. Kader, M. A., Singha, A., Begum, M. A., Jewel, A., Khan, F. H., & Khan, N. I. (2019). Mulching as a water-saving technique in dryland agriculture. Bulletin of the National Research Centre, 43(1), 1-6. Kasirajan, S., & Ngouajio, M. (2012). Polyethylene and biodegradable mulches for agricultural applications: a review. Agronomy for sustainable development, 32, 501-529. Ma, Z., Ma, Y., Qin, L., Liu, J., & Su, H. (2016). Preparation and characteristics of biodegradable mulching films based on fermentation industry wastes. International Biodeterioration & Biodegradation, 111, 54-61. Patil Shirish, S., Kelkar Tushar, S., & Bhalerao Satish, A. (2013). Mulching: A soil and water conservation practice. Research Journal of Agriculture and Forestry Sciences ISSN, 2320, 6063. Prosdocimi, M., Tarolli, P., & Cerda, A. (2016). Mulching practices for reducing soil water erosion: A review. Earth-Science Reviews, 161, 191-203. Qian, X., Gu, J., Pan, H. J., Zhang, K. Y., Sun, W., Wang, X. J., & Gao, H. (2015). Effects of living mulches on the soil nutrient contents, enzyme activities, and bacterial community diversities of apple orchard soils. European Journal of Soil Biology, 70, 23-30. Qin, X., Li, Y., Han, Y., Hu, Y., Li, Y., Wen, X., … & Siddique, K. H. (2018). Ridge-furrow mulching with black plastic film improves maize yield more than white plastic film in dry areas with adequate accumulated temperature. Agricultural and Forest Meteorology, 262, 206-214. Sharma, R., & Bhardwaj, S. (2017). Effect of mulching on soil and water conservation review. Agricultural Reviews, 38(4), 311-315. Wang, L. F., & Shangguan, Z. P. (2015). Water–use efficiency of dryland wheat in response to mulching and tillage practices on the Loess Plateau. Scientific Reports, 5(1), 12225. Yang, Y., Yu, K., & Feng, H. (2018). Effects of straw mulching and plastic film mulching on improving soil organic carbon and nitrogen fractions, crop yield and water use efficiency in the Loess Plateau, China. Agricultural Water Management, 201, 133-143. Organic Inorganic are made of organic materials While decaying, mulches provide nutrients like potassium, nitrogen, phosphorus, and trace elements to the soil. Organic mulching degrades the soil, improves organic matter, and, as a result, improves the water-holding capacity of the soil. Grass clipping Sawdust Dry leaves Straw Compost Wood chips Grasses Old hay Crop residue Bark Gravel, pebbles, and river rocks Black plastic Landscape fabric Rubber mulch Slate chipping Film Bricks Cobblestone Mulch will not entirely remove weeds but can reduce their emergence by competing with them for space and light access, saving farmers weeding time and decreasing the need for chemical weed control. Mulches provide a beautiful home for valuable insects and other animals, which work as natural enemies of essential crop pests, keeping them under control. As they break down over time, organic mulches release nutrients into the soil, which enhances soil health and quality. Mulch helps maintain water by decreasing its evaporation from the soil surface. In this case, there is less need for frequent irrigation, making the crop more drought-resistant. It retains heat in winter and helps maintain the soil cool in summer. It acts as a temperature leveler, forbidding the ground from reaching high temperatures and protecting roots from damage. It protects rain droplets from hitting the soil surface and slows run-offs of soil and nutrients. Heavy rain sometimes could lead to waterlogging. Many vegetables are sensitive to these conditions, reducing yields and fruit rotting. When is applied, the farmer needs fewer herbicides and fertilizers. The labor required is also reduced. Mulching too early in the spring will cause a further drop in the soil temperature, which is undesirable. Plant enthusiasts are advised to mulch in the gardens after all spring bulbs bloom. Because one of the primary purposes is soil moisture control, applying it shortly after a light rain is considered a good practice as long as the ground is not fully wet. After spreading the mulch, softly spray the area with water to help it set and remain in place. Bhardwaj, R. L. (2013). Effect of mulching on crop production under rainfed conditions review. Agricultural Reviews 34 (3), 188-197. Gill, H. K., & McSorley, R. (2012). Effects of different organic mulches on the soil surface arthropod community and weeds in snapdragon. International Journal of Pest Management 58 (1), 33-40. Jordán, A., Zavala, L. M., & Gil, J. (2010). Effects of mulching on soil physical properties and runoff under semi-arid conditions in southern Spain. Catena 81 (1), 77-85. Kader, M. A., Senge, M., Mojid, M. A., & Ito, K. (2017). Recent advances in mulching materials and methods for modifying soil environment. Soil and Tillage Research 168 , 155-166. Kader, M. A., Singha, A., Begum, M. A., Jewel, A., Khan, F. H., & Khan, N. I. (2019). Mulching as a water-saving technique in dryland agriculture. Bulletin of the National Research Centre 43 (1), 1-6. Kasirajan, S., & Ngouajio, M. (2012). Polyethylene and biodegradable mulches for agricultural applications: a review. Agronomy for sustainable development 32 , 501-529. Ma, Z., Ma, Y., Qin, L., Liu, J., & Su, H. (2016). Preparation and characteristics of biodegradable mulching films based on fermentation industry wastes. International Biodeterioration & Biodegradation 111 , 54-61. Patil Shirish, S., Kelkar Tushar, S., & Bhalerao Satish, A. (2013). Mulching: A soil and water conservation practice. Research Journal of Agriculture and Forestry Sciences ISSN 2320 , 6063. Prosdocimi, M., Tarolli, P., & Cerda, A. (2016). Mulching practices for reducing soil water erosion: A review. Earth-Science Reviews 161 , 191-203. Qian, X., Gu, J., Pan, H. J., Zhang, K. Y., Sun, W., Wang, X. J., & Gao, H. (2015). Effects of living mulches on the soil nutrient contents, enzyme activities, and bacterial community diversities of apple orchard soils. European Journal of Soil Biology 70 , 23-30. Qin, X., Li, Y., Han, Y., Hu, Y., Li, Y., Wen, X., … & Siddique, K. H. (2018). Ridge-furrow mulching with black plastic film improves maize yield more than white plastic film in dry areas with adequate accumulated temperature. Agricultural and Forest Meteorology 262 , 206-214. Sharma, R., & Bhardwaj, S. (2017). Effect of mulching on soil and water conservation review. 38 (4), 311-315. Wang, L. F., & Shangguan, Z. P. (2015). Water–use efficiency of dryland wheat in response to mulching and tillage practices on the Loess Plateau. Scientific Reports 5 (1), 12225. Yang, Y., Yu, K., & Feng, H. (2018). Effects of straw mulching and plastic film mulching on improving soil organic carbon and nitrogen fractions, crop yield and water use efficiency in the Loess Plateau, China. Agricultural Water Management 201 , 133-143. mulch mulches mulching"
https://wikifarmer.com/papaya-handling-grading-and-packing/,10/19/2023 20:03,"Papaya Grading Storage conditions for Papaya Grading: After pre-grading, washing, and fungicide treatment, the papayas are left to dry and then are graded for packing. Grading and packing should be carried out as soon as possible after harvest, generally within three hours. After this time, the fruit should be kept at room conditions of 77 to 81°F (25°C to 28°C) to continue ripening or cooled and stored at 50 to 55°F (10 to 13°C). Fruit should be taken individually from the picking bag by hand and placed in the trays/ cartons. Take special care when transporting fruit to the pack house. Trays containing fruit awaiting transport should be kept under the shade under the trees. If there is not enough shade, the fruit should be covered with empty trays placed upside down. All tanks and grading tables should be covered with foam to protect the fruit from exposed edges; the skin of the Papaya is delicate, and scratches will result in latex exudation and staining. Similarly, if the fruit is dropped, it will easily develop bruises as it ripens. Do not spread a tarpaulin over the trays because it will reduce ventilation and cause the temperature below it to rise. You need to remove harvested fruit from the orchard as soon as possible. It is important to pack and dispatch the fruit to the market or to place it in cold storage on the day it is harvested. It is important to take precautions against bruising. Persons handling the fruit must wear gloves. The tables on which the fruit is placed must be clean and smooth. Each fruit stem must be cut back with a sharp knife to a length of 6 to 12 mm (0.2 to 4.4 inches). Grade fruit for export according to appearance. Fruit is suitable for export if it is virtually free of blemishes and has a regular shape. Fruit suitable for export is transferred to a different table. The fruit may now be treated with a suitable post-harvest fungicide and, after waxing, packed in a suitable box. Papayas that are one-quarter to one-half ripe should be kept for 1-2 weeks. The development of yellow color is associated with ripening when the fruit ripens at 64°F (18 °C) or over. The color process may stop at lower temperatures, and the fruit softens without changing color. For this reason, the fruits should be stored at room temperature, of around 50 to 55°F (10 to 13°C), until ripe (soft). The lower the temperature, the longer the fruit will take to ripen. However, storage temperatures that are too low will cause cold damage to the fruit. Storing and chilling below 10 °C (50 °F) will damage the fruit. Chill the papaya once it is entirely or almost ripe, not before. Early-maturing fruits may be kept at a slightly higher temperature, while late-season fruit may be kept at a slightly lower temperature. Fruit transferred to low-temperature storage (10° to 12°C), when harvested at the one-stripe stage, will store successfully for 14 to 21 days if post-harvest disease incidence can be controlled. Regarding relative humidity, papayas are tropical fruits that can benefit from slightly higher humidity levels but are not as sensitive to moisture as some other fruits. Aim for a relative humidity of around 85% to 90% in the storage area. Papayas produce ethylene when they ripen and should not be stored or transported with ethylene-sensitive produce. papaya grading papaya storage"
https://wikifarmer.com/what-are-the-sdgs/,10/19/2023 20:03,"What are the 17 SDGs and their meaning? What SDGs are related to agriculture? How can agriculture integrate the SDGs? What are the barriers to the achievement of SDGs? SDG stands for Sustainable Development Goals. The United Nations in 2012 created SDGs during the UN Conference in Rio de Janeiro. Apart from the 17 goals, they added 169 targets, like sub-categories for each purpose, to cover more needs. By endorsing the 2030 Agenda for Sustainable Development and its 17 SDGs in 2015, the world community reaffirmed its commitment to Sustainable Development. Through this Agenda, 193 member states pledged to ensure sustained and inclusive economic growth, social inclusion, and environmental protection and to do so in partnership and peace. More than any other sector, agriculture is the common thread connecting the 17 SDGs. More specifically, agriculture has a positive impact on no less than 8 of the 17 goals, including: A map of the 17 Sustainable Development Goals [Image] – UN SDG, https://www.finchandbeak.com/ Agriculture must meet the needs of present and future generations for its products and services while ensuring profitability, environmental health, and social and economic equity. At the same time, the global transition to sustainable food and agriculture will require significant improvements in resource use efficiency, environmental protection, and systems resilience. Production systems and the policies and institutions underpinning global food security must be revised to achieve that. Agriculture, including – crop and livestock production, fisheries, and forestry – provides income, jobs, food, and other goods and services for the majority of people now living in poverty. As a result, overall GDP growth originating in agriculture is, on average, at least twice as effective in reducing poverty as growth generated in non-agriculture sectors and up to five times more effective than other sectors in resource-poor low-income countries. To meet the growing food demand of the over nine billion people who will exist by 2050 and the expected dietary changes, agriculture will need to produce 60% more food globally in the same period. The SDGs 2020 Report highlights that progress toward achieving the goals by 2030 was already uneven before the emergence of the COVID-19 pandemic. As a result, progress has come to a standstill, and in some instances, decades of advancement have been reversed. In the Asian region, the most recent report from the Economic and Social Commission for Asia and the Pacific (ESCAP) reveals a deterioration in progress concerning five crucial SDGs: SDG 2, SDG 8, SDG 10, SDG 11, and SDG 15. Similarly, Latin America is falling behind. Four years after adopting the 2030 Agenda, the average SDG Index score for the region stands at 63.1, indicating only modest advancements toward the established goals. Additionally, progress in the area has been slowed by rising unemployment, inequality, poverty, and hunger, which could lead to more social conflicts and unrest, as seen in countries like Colombia, Ecuador, Bolivia, and Chile. According to a recent report by the non-profit organization Social Progress Imperative (SPI), the world is not expected to attain the 2030 Agenda for Sustainable Development until at least 2082, primarily due to a lack of global action on climate change and human rights. Moreover, the repercussions and aftermath of the COVID-19 pandemic could extend this projection by another decade, pushing the 2030 target goal back by more than six decades. Zero Hunger (SDG 2), Good Health and well-being (SDG 3), Clean Water and Sanitation (SDG 6), Decent Work and Economic Growth (SDG 8), Responsible Consumption and Production (SDG 12), Climate Action (SDG 13), Life Below Water (SDG 14), Life on Land (SDG 15) Agriculture must meet the needs of present and future generations for its products and services while ensuring profitability, environmental health, and social and economic equity. At the same time, the global transition to sustainable food and agriculture will require significant improvements in resource use efficiency, environmental protection, and systems resilience. Production systems and the policies and institutions underpinning global food security must be revised to achieve that. Agriculture, including – crop and livestock production, fisheries, and forestry – provides income, jobs, food, and other goods and services for the majority of people now living in poverty. As a result, overall GDP growth originating in agriculture is, on average, at least twice as effective in reducing poverty as growth generated in non-agriculture sectors and up to five times more effective than other sectors in resource-poor low-income countries. To meet the growing food demand of the over nine billion people who will exist by 2050 and the expected dietary changes, agriculture will need to produce 60% more food globally in the same period. According to a recent report sdg SDGs"
https://wikifarmer.com/the-significance-of-soil-health-in-sustainable-agriculture/,10/19/2023 20:03,"Rahul Prataprao Padwal Consultant What is Soil Health? Crop Productivity Environmental Conservation Food Security Strategies for Enhancing Soil Health Introduction Soil health is the cornerstone of sustainable agriculture, playing a pivotal role in ensuring the long-term viability of our food production systems. As the global population continues to grow, the demand for food is escalating, placing unprecedented pressure on agricultural practices. To meet this demand while preserving the environment, it is imperative to prioritize soil health. This article explores the significance of soil health in sustainable agriculture, highlighting its impact on crop productivity, environmental conservation, and overall food security & strategies to enhance soil health. Soil health refers to the capacity of soil to function as a living ecosystem that sustains plants, animals, and humans. It encompasses various physical, chemical, and biological properties of soil, including its texture, nutrient content, organic matter, pH levels, and microbial diversity. Healthy soil supports the growth of crops by providing essential nutrients, water, and a stable physical environment. Enhancing soil health is crucial for multiple reasons, with the following being some of the most significant: Healthy soil is rich in essential nutrients such as nitrogen, phosphorus, potassium etc. These nutrients are vital for plant growth and development. Soil with optimal nutrient levels ensures that crops have access to the resources they need to thrive. In contrast, nutrient-depleted soil can lead to stunted growth, reduced yields, and increased susceptibility to pests and diseases. Well-structured soil with good organic matter content has improved water retention capacity. This is particularly crucial in regions prone to droughts or erratic rainfall. Soil that can store water effectively helps crops withstand periods of water scarcity, reducing the risk of crop failure and ensuring a more reliable harvest. Healthy soil provides an ideal environment for root development. Strong and deep root systems are essential for plant stability and efficient nutrient uptake. Adequate root growth contributes to increased crop resilience, enabling plants to withstand adverse conditions like strong winds and heavy rains better. Healthy soils are less prone to erosion. Erosion occurs when wind or water displaces the topsoil, which is rich in organic matter and nutrients. Erosion can result in the loss of fertile soil and contamination of water bodies. Sustainable agricultural practices prioritizing soil health help mitigate erosion, preserving the soil’s integrity. Soil health plays a vital role in carbon sequestration, which is the process of capturing and storing carbon dioxide from the atmosphere. Soils rich in organic matter act as carbon sinks, helping to reduce greenhouse gas concentrations in the atmosphere. Sustainable farming practices, such as cover cropping and reduced tillage, can enhance soil carbon sequestration Healthy soil is teeming with diverse microbial life, including beneficial bacteria and fungi. These microorganisms contribute to nutrient cycling, disease suppression, and overall ecosystem health. By promoting soil health, sustainable agriculture practices support biodiversity both above and below the ground, enhancing the resilience of ecosystems. Climate change increasingly impacts agriculture through extreme weather events, altered precipitation patterns, and shifting pest and disease dynamics. Healthy soil can help buffer these effects by providing crops with the resources they need to adapt and thrive in changing conditions. Sustainable agriculture practices, which prioritize soil health, promote responsible resource management. This includes efficient nutrient use, reduced chemical inputs, and improved water management. By conserving soil and water resources, sustainable agriculture contributes to long-term food security. To harness the benefits of soil health enhancement, farmers and agricultural practitioners can adopt several strategies: The significance of soil health in sustainable agriculture cannot be overstated. Healthy soil is essential for maximizing crop productivity, conserving the environment, and ensuring food security in a changing world. To achieve these goals, farmers, policymakers, and researchers must work collaboratively to promote and implement sustainable farming practices that prioritize soil health. Implementing strategies such as cover cropping, crop rotation, reduced tillage, organic matter addition, nutrient management, and integrated pest management can help farmers improve soil health while ensuring the long-term viability of their agricultural operations."
https://wikifarmer.com/nutrient-mobility-in-soil-and-plants/,10/19/2023 20:03,"Khalil Ur Rehman Head Grower & Chief Operations Officer (CAE) Understand the 4 R strategy. References & Resources Nutrient mobility refers to the ability of nutrients to move in a particular environment. Understanding nutrient mobility helps in identifying nutrient deficiencies and pinpointing their underlying causes. The extent of nutrient mobility differs depending on whether the nutrient is situated within a plant or in the soil. Figure 1 The plant nutrients are categorized into Macro and microelements, where the Macro elements are further categorized into: Plants need eighteen naturally occurring elements for their growth and production. Among these elements, carbon (C), hydrogen (H), and oxygen (O) play a vital role in forming the physical structure of the plant. These elements are acquired from the atmosphere (in the form of CO2) and water (as H2O) and serve as the fundamental building blocks for carbohydrates like sugars and starch. These carbohydrates not only contribute to the structural integrity of cell walls, stems, and leaves but also serve as sources of energy for the plant itself and for organisms that feed on the plant.” Each element has its own specific function in plants, but quantities needed differ. For example, macroelements (macronutrients) are required in larger amounts than microelements (micronutrients). All those nutrients should be in ionic form, either in the soil or in a nutrient solution. Ions are simply the atomic or molecule form having +ve or –ve charge. As we know, the positive attracts the negative, and the same charge elements will repel each other; this power of charge represents the strength of the element. The positive ions are known as Cation, while negative ions are Anions. The anions want to disperse themselves to even concentrations, so they move from higher concentrations to lower concentrations. As we look at the soil structure, it’s a composition of particles; those particles attract the positive ions (+Ve), repel the Negative ions (-ve), and float freely in the water. This attraction of Cation by the soil particles is called Cation Exchange Capacity (CEC), which measures the number of cations that can be retained by the soil particles. The higher the CEC, the more Cation Nutrients can be stored in the soil. As a result, the higher CEC soils can become more nutrient-rich; also, keep in mind the soil composition is diverse and varies among different soil types. The picture shows that plants absorb nutrients from the soil through the root system; those nutrients should be in solution form around the root zone area. The availability of those nutrients to the plants depends on the pH of the soil or soil solution/nutrient solution. Most nutrients are available to plants in soils with a pH of 5.5 to 6.5. The interaction of nutrient availability and binding in the soil is shown in Fig (2). Figure 2. The availability of soil-applied nutrients is dependent on soil pH. Credit: Tonya R. Weeks, UF/IFAS CREC – Fig 2 Most of the micronutrients form bonds with the soil, becoming immobile and inaccessible for plant absorption when the soil pH is high. Similar is the case in soils with very low pH, where most macro- and secondary nutrients also become inaccessible for plant uptake. The objective is to maintain an optimal soil pH range that facilitates plant nutrient absorption. As the plants uptake nutrients from the soil, some are mobile in the plants, while others are immobile. The mobility (movement) power on nutrients can be affected by many factors, including the parental rock material (solubility), particle size, humus and water content, pH, aeration, area, the rhizobia of the root systems, and mycorrhizal development. The study and knowledge of nutrient mobility in soil and plant is very effective in understanding nutrient deficiencies and provides an opportunity to correct them on time. Biological, chemical, and physical forces can change the state of those elements and make them more or less mobile. Since immobile elements do not move easily within the plant, deficiency symptoms can appear in new vegetation. When mobile elements become limiting, they can be scavenged from older growth and moved to where they are most needed, causing deficiency symptoms in older leaves. Most nutrient deficiencies only appear once the plant is at a peak growth period or at high nutrient demand, such as fruit set. When scouting the plants regarding the nutrient deficiencies, we should never forget the following points. The plant should be divided into three parts (as shown in Fig 3): Fig 3 Generalized diagram showing the portion of the plant where nutrient deficiency symptoms are first observed. Courtesy of the 4R Plant Nutrition Manual, IPNI 2012.) Having a clear knowledge of which element is mobile or immobile in the plants is a critical factor for knowing about the nutrient deficiency symptoms as well as decision-making for the efficient management of plant fertilizer and nutrients. When we talk about proper and efficient nutrient management and application, we consider the 4-R strategy, the 4 major factors: 1) right source 2) right amount 3) right place 4) right time By considering these factors, we can ensure sufficient nutritional support for crop growth while reducing the risk of nutrient loss in the environment. The simple way to understand the 4 R strategy is to imagine you are planning to grow crops or are already a farmer just brainstorming while standing in your field. What is growing? —————–Crop / Plants On what is growing? ————- soil (type of soil) What do they need? ——————– Plants & Soil (Both) From where? ————————- (sources to satisfy need –fertilizer) How much is needed ——————– Amount of resource/input When is it needed? ————————– Time (Crop stage) This brainstorming will help you to find all the answers to making the best strategy for sustainable fertilizer management. https://edis.ifas/article/abs.ufl.edu/publication/HS1373 https://nrcca.cals.cornell.edu/soilFertilityCA/CA1/CA1_print.html https://www.sciencedirect.com/topics/agricultural-and-biological-sciences/nutrient-availability https://bioag.com.au/nutrient-mobility-explained https://www.sciencedirect.com/science macronutrients Micronutrients nutrient management plant nutrition"
https://wikifarmer.com/how-to-use-biochar-as-a-water-contaminants-detoxifier-in-fish-farming/,10/19/2023 20:03,"Lambert Aliginia Aquatic pollution, causes, and effects on fish farming Methods of regulating contaminants in aquaculture facilities Agricultural and Environmental sustainability certification specialist Biochar as a detoxifier in fish culture facilities Advantages and Significance of Biochar in Fish Facilities Pictures of Biochar sacks in fishpond Toxic contaminants end up in our state’s waterbodies in different ways. Industrial and municipal discharges, agricultural practices, and stormwater runoff can all put harmful substances into the water. Rain can also wash chemicals from the land or air into streams, rivers, lakes, and Puget Sound. Toxic contaminants enter our state’s waters in a variety of ways. Industrial and municipal waste, agricultural activities, and stormwater runoff can all release toxic substances into water. Rain can also wash chemicals from the soil or air into streams, rivers, and lakes. Contaminants such as polychlorinated biphenyls (PCBs), polybrominated diphenyl ethers, dioxins, and chlorinated pesticides are present in water, sediment, and food consumed by fish. In polluted areas, bottom fish (certain fish species that live at or near the bottom of a body of water) are especially likely to contain high levels of these chemicals because these substances settle to the bottom where they feed. The health risk to humans eating contaminated fish and seafood is that contaminants can build up in the human body over time. It can take five years or more for women in their childbearing years to rid their bodies of PCBs, and 6-12 months to reduce their mercury levels significantly. Mercury, PCBs, and other contaminants can be passed on to a developing fetus through the placenta. The increasing global contamination of water systems by industrial or natural substances constitutes one of humanity’s major environmental problems. Most of these aqueous substances exist in low concentrations; however, their long-term contamination can cause severe toxicity problems. Water quality assessment requires the implementation of appropriate and cost-effective technologies to effectively remove microscopic pollutants while ensuring the maintenance of essential components of aquatic life, such as the presence of individual minerals, etc. Developing such technologies often involves dangerous chemicals that are not environmentally friendly. Therefore, there is an urgent need for suitable “functional” ecological materials that can easily reduce the number of micropollutants in aquatic systems. Commonly used functional materials have significant limitations due to their dependence on fossil fuels and energy-intensive melting conditions. A renewable carbon-rich biomaterial that could be a promising alternative to other carbon materials used in the production of water pollution treatment equipment has been proposed to solve the problem. 1. Biochar – The physical and chemical properties of Biochar has high charge and surface area, making it ideal for pond water treatment in the same way that Biochar is used in activated carbon filtration in potable water. Biochar is great at absorbing pesticides and fertilizers to help keep your waterways free of harmful compounds and has demonstrated its potential to remove heavy metal ions from water. Biochar is a carbon-rich material produced from the pyrolysis of biomass in a closed system by a reduction reaction. This material is called “biochar” and is defined as the fine-grained carbon and ash biological product obtained from anaerobic biomass digestion. Biochar material has strong water and nutrient adsorption capacity, is very stable, and can also remove organic/inorganic pollutants. Aquaculture has developed many different fish production systems and is very popular in recent decades. These systems were developed to increase productivity by increasing fish density, which raises the issue of toxicity of wastewater discharged into aquatic ecosystems. Therefore, one solution to this problem is to integrate the aquaculture system with the toxicity control method of Biochar, where Biochar can adsorb and dissolve compounds from wastewater. Soluble compounds contain two main components: nitrogen and phosphorus compounds from fish feed. Nitrogen and phosphorus are retained in the fish’s body, and a certain amount is released into the culture water, over time causing eutrophication. Eutrophication refers to the process by which water gradually accumulates high nitrogen and phosphorus concentrations. This process can lead to a decrease in oxygen in the water after the algae is decomposed by bacteria. Aquabiochar refers to the integration of aquaculture and biochar as water toxicity regulators and detoxifiers. 2. Biofloc technology (BFT) is considered the new “green revolution” because nutrients can be continuously recycled and reused in the growing medium, benefiting from minimal or no water changes. Furthermore, the sustainable approach of such a system depends on high fish/shrimp production in small areas. In addition, bioflocs provide a food source rich in natural proteins and lipids that are locally available 24 hours a day due to the complex interactions between organic matter, physical substrates, and various microorganisms. This natural productivity plays an important role in recycling nutrients and maintaining water quality. Biofloc technology (BFT) systems have emerged as practical and inexpensive solutions to meet the above prerequisites for sustainable aquaculture development. BFT works on the accumulation of inorganic nitrogen, one of the main problems faced in the aquaculture industry. Biochar is the most effective and environmentally friendly method of eliminating toxicities in aquatic facilities while creating a conducive breeding ecology for fish reproduction. This method seeks to protect consumers by purifying the water and absorbing contaminants from water bodies and fishes which tends to affect consumers that feed on contaminated fishes. Aquabiochar aquaculture biochar Toxicities"
https://wikifarmer.com/category/aquaculture/,10/19/2023 20:03,"Control Nile Tilapia Stocks in Polyculture system using African Sharptooth Catfish Circular Food Innovations: Understanding the Concepts and Application to Aquaculture Concept of Polyculture Fish Farming Polyculture often involves stocking species with different dietary habits and habitat preferences. However, most polyculture systems go at least a step further, seeking to take […] From Linear to Circular: Harnessing the Power of Food Innovations in African Aquaculture and Horticulture In recent years, food production has been aiming to minimize waste, maximize resource efficiency, and […]"
https://wikifarmer.com/biological-control-of-greenhouse-pests-using-natural-enemies/,10/19/2023 20:03,"Panagiotis Patsaouras The Limitations of Biological Control Predatory Insects: The First Line of Defense Parasitoids: Nature’s Intruders Microbial Pathogens: Silent Assassins Implementing a Successful Biological Control Program Greenhouses play a vital role in modern agriculture, allowing for year-round cultivation and protection of crops from adverse weather conditions. In Greece, the most important greenhouse crops in terms of acres are tomato, watermelon, cucumber, and pepper plants (Σάββας, 2016). These controlled environments, while providing optimal conditions for plant growth, also create a haven for pests. These pests can seriously harm greenhouse crops, compromising their health and productivity. In the ongoing battle against greenhouse pests, one effective and sustainable solution has emerged: biological control, imitating the power of nature’s own warriors to combat unwanted invaders. Greenhouse pests consist of a wide range of insects, mites, and other arthropods that feed on plants, suck their liquids, or even transmit diseases. These pests can proliferate rapidly in the warm, sheltered conditions of a greenhouse, leading to severe infestations that can devastate crops if left unchecked. While traditional pest control methods often rely on chemical pesticides, which can be effective but come with several drawbacks, including environmental contamination and the development of pesticide resistance, biological control offers an eco-friendly alternative. Biological control involves using natural enemies, including predators, parasitoids, and pathogens, to suppress pest populations. These beneficial organisms can be native or introduced species with a particular preference for specific pests, making them highly effective in reducing pest numbers without causing harm to the environment or other non-target organisms (Souza et al., 2019). Πηγή: (6 Common Greenhouse Pests and How to Manage Them | Ceres Greenhouse, n.d.) Predatory insects are mostly generalists, meaning they prey on many different species of pests. They are much larger than the prey, and more than one biological stage usually behaves predatory. Beetles, lacewings, and predatory mites are commonly used as biological control agents in greenhouses. These voracious predators have evolved to feed on a variety of pests, including aphids, whiteflies, thrips, mealybugs and spider mites. By releasing these beneficial insects into the greenhouse, farmers can establish a natural balance where the predators keep the pest populations under control. For example, ladybugs are well-known for their appetite for aphids, which are notorious greenhouse pests. A single ladybug can consume dozens of aphids in a day, making them an invaluable asset in pest management. The application is usually done using plastic bottles containing adult insects inside. In high-density infestations, 5000-8000 ladybugs/acre are usually needed. Moreover, it has been found that the use of ladybird species helps reduce aphid population by more than 50% in most cases (Riddick, 2017). Lacewings, with their delicate appearance, are equally effective hunters, while predatory mites specialize in controlling tiny but destructive spider mite infestations. Another group of beneficial organisms employed in biological control is parasitoids. Most of these insects belong to Hymenoptera and Diptera orders. They are more specialized than predators and much smaller than their hosts. Their big advantage is that they often have much quicker life cycles and can increase in numbers faster than the predators (Souza et al., 2019). These small wasps or flies lay their eggs inside or on the bodies of pests. As the parasitoid larvae develop, they consume the host pest from within, ultimately killing it. This method is highly effective against pests like aphids, caterpillars, and whiteflies. One example is the tiny parasitoid wasp known as Encarsia formosa, which targets whiteflies. These wasps lay their eggs inside whitefly nymphs. As the wasp larvae develop, they feed on the internal tissues of the whitefly, eventually causing its death. Additionally, the adults can perform host feeding. This process not only kills the whitefly but also disrupts its life cycle, preventing further damage to the greenhouse crops (Gerling, 1966). Image 2: A species of a ladybug (Coccinellidae spp.) eating an aphid In addition to predators and parasitoids, microbial pathogens can also be employed as biological control agents. Certain bacteria, fungi, and viruses have effectively controlled greenhouse pests (Souza et al., 2019). For instance, the bacterium Bacillus thuringiensis (Bt) produces a toxin that specifically targets and kills certain caterpillars and beetle larvae, making it a valuable tool in pest management. When Bt is applied to greenhouse crops, the caterpillars that feed on the treated plants ingest the toxin, leading to their demise. This method is highly selective and safe for other non-target organisms, making it an environmentally friendly choice. Implementing a successful biological control program in a greenhouse requires careful planning and continuous monitoring. Farmers must first identify the specific pests they are dealing with and gain an understanding of their life cycles. This information is crucial in determining the appropriate natural enemies to introduce. Timing is also critical; the release of beneficial organisms should coincide with the vulnerable stages of the pest (Μπρούφας & Παππά, 2023). Regular monitoring of pest populations and natural enemy effectiveness is essential. Farmers must be ready to make any necessary adjustments to the control strategy. In some cases, multiple control methods, including cultural practices and physical barriers, may need to be combined with biological control for optimal results. While biological control offers numerous benefits, it is important to acknowledge its limitations. It is not always a quick fix and may require time to establish a sustainable balance between pests and natural enemies. In some situations, the use of biological control may not completely eradicate pests but rather keep their populations at manageable levels. Image 3. Life cycle of Encarsia formosa Furthermore, the success of biological control can be influenced by external factors such as temperature, humidity, and the availability of alternative food sources for natural enemies (Souza et al., 2019). Consequently, a comprehensive approach to pest management that combines biological control with other strategies may be the most effective way to ensure the health and productivity of greenhouse crops. In conclusion, the use of predators, parasitoids, and microbial pathogens in biological control exemplifies how nature’s intricate web of interactions can be harnessed for the benefit of agriculture and the environment alike. As we look to a more sustainable future in agriculture, biological solutions stand as a shining example of innovation rooted in nature’s wisdom. 6 Common Greenhouse Pests and How to Manage Them | Ceres Greenhouse. (n.d.). Retrieved August 28, 2023, from https://ceresgs.com/6-common-greenhouse-pests-and-how-to-manage-them/ Gerling, D. (1966). Biological Studies on Encarsia formosa (Hymenoptera: Aphelinidae)1. Annals of the Entomological Society of America, 59(1), 142–143. https://doi.org/10.1093/aesa/59.1.142 Riddick, E. W. (2017). Identification of Conditions for Successful Aphid Control by Ladybirds in Greenhouses. Insects, 8(2), Article 2. https://doi.org/10.3390/insects8020038 Souza, B., dos Santos-Cividanes, T. M., Cividanes, F. J., & de Sousa, A. L. V. (2019). Predatory Insects. In B. Souza, L. L. Vázquez, & R. C. Marucci (Eds.), Natural Enemies of Insect Pests in Neotropical Agroecosystems: Biological Control and Functional Biodiversity (pp. 73–87). Springer International Publishing. https://doi.org/10.1007/978-3-030-24733-1_7 Μπρούφας, Γ., & Παππά, Μ. (2023). Εχθροί Λαχανικών και Φυτών Μεγάλης Καλλιέργειας. Κάλλιπος, Ανοικτές Ακαδημαϊκές Εκδόσεις. https://repository.kallipos.gr/bitstream/11419/8592/4/113-BROUFAS-Insect%20pests%20of%20vegetables.pdf Σάββας, Δ. (2016). Γενική Λαχανοκομία. In Γενική Λαχανοκομία (Vol. 1, pp. 15–19). Εκδοσεις Πεδίο Α.Ε. 6 Common Greenhouse Pests and How to Manage Them | Ceres Greenhouse . (n.d.). Retrieved August 28, 2023, from https://ceresgs.com/6-common-greenhouse-pests-and-how-to-manage-them/ Gerling, D. (1966). Biological Studies on Encarsia formosa (Hymenoptera: Aphelinidae)1. Annals of the Entomological Society of America , 59 (1), 142–143. https://doi.org/10.1093/aesa/59.1.142 Riddick, E. W. (2017). Identification of Conditions for Successful Aphid Control by Ladybirds in Greenhouses. Insects 8 (2), Article 2. https://doi.org/10.3390/insects8020038 Souza, B., dos Santos-Cividanes, T. M., Cividanes, F. J., & de Sousa, A. L. V. (2019). Predatory Insects. In B. Souza, L. L. Vázquez, & R. C. Marucci (Eds.), Natural Enemies of Insect Pests in Neotropical Agroecosystems: Biological Control and Functional Biodiversity (pp. 73–87). Springer International Publishing. https://doi.org/10.1007/978-3-030-24733-1_7 Μπρούφας, Γ., & Παππά, Μ. (2023). Εχθροί Λαχανικών και Φυτών Μεγάλης Καλλιέργειας . Κάλλιπος, Ανοικτές Ακαδημαϊκές Εκδόσεις. https://repository.kallipos.gr/bitstream/11419/8592/4/113-BROUFAS-Insect%20pests%20of%20vegetables.pdf Σάββας, Δ. (2016). Γενική Λαχανοκομία. In Γενική Λαχανοκομία (Vol. 1, pp. 15–19). Εκδοσεις Πεδίο Α.Ε. integrated pest management pest management"
https://wikifarmer.com/soil-salinization-and-how-farmers-can-overcome-it/,10/19/2023 20:03,"What is soil salinization? The impact of soil salinization on the crop – How are crop plants affected by high soil salinity levels? How to handle soil salinity? What can we do to improve our soil? Plant-associated microbes: A promising solution Soil salinization decreases the agricultural production potential of up to 46 million ha per year (FAO). In this post, we will further analyze: Nowadays, the significant limitations to crop productivity on a global scale are: Among the various environmental (abiotic) stressors, soil salinity emerges as a noteworthy consequence of climate change, impacting approximately 20% of cultivated lands and 33% of irrigated agricultural areas. Picture 1: Global map demonstrating regions with soil salinization problems Soil salinization, alongside concerns related to water and environmental contamination, has arisen as a considerable menace to worldwide food security and the sustainability of agricultural systems in recent years. Salt stress arises from the excessive accumulation of soluble mineral salts within the soil, resulting in profound implications for soil fertility, structural stability, biodiversity, and, consequently, crop yield. Soil salinity, characterized by the presence of soluble mineral salts in the soil (measured by volume or weight), along with sodicity (the concentration of Na+ ions), can exert adverse effects on nutrient acquisition by plants and various physicochemical properties of the soil, including its pH. In plants, high salinity levels restrict the growth of both root and shoot systems, primarily by limiting water availability and micronutrient uptake, leading to cellular damage and alteration of several physiological processes. The ramifications of soil salinization are observable in the field, often evident through uneven crop growth and the development of white salt deposits on the soil surface. Mild salinity issues are typified by a blue-green hue in growing plants. In cereal or forage crops inhabiting saline areas, barren patches and stunted plants may emerge. The extent and prevalence of barren patches (parts of the field with no vegetation) can indicate the salt concentration in the soil. In cases where salinity levels are not sufficiently high to cause barren patches, irregular vegetative vigor may manifest in crop appearance. Moderate salinity, especially when uniformly distributed across the field, can frequently go unnoticed, as it does not result in overt damage beyond inhibited growth. Leaves of plants growing in saline-prone soils tend to be smaller and exhibit a darker blue-green coloration compared to regular leaves. Plants in salt-affected soils often resemble those experiencing moisture stress (drought). Specific element toxicities, such as marginal or tip burn of leaves, typically affect woody plants exclusively. At the same time, non-woody species can accumulate similar or greater levels of these elements in their leaves without displaying apparent harm. Addressing soil salinity is feasible without requiring prolonged periods and substantial financial investments. Potential solutions encompass: Although the wholesale translocation of soil is a costly and labor-intensive alternative, it remains a viable option. The more advanced approach involves the development of genetically improved crops and other salt-tolerant varieties. However, this avenue of research is currently characterized by its complexity and controversy, resulting in the limited availability of such crops in substantial quantities. In light of these challenges, the utilization of certain microorganisms inhabiting the plant rhizosphere or residing within halophytic plant roots, which also possess plant growth-promoting attributes, emerges as a promising strategy to enhance the adaptability of plants to salinity-induced stress conditions. These beneficial plant-associated microbes play a pivotal role in mitigating salt stress by producing: At the same time, they can promote increased nutrient availability. Subsequent inoculation of crop plants with such salt-tolerant plant growth-promoting bacteria (PGPB) has been shown to enhance plant growth and crop yields in saline soils. Picture 3: Penicillium promotes plant growth, enhances salt stress tolerance, and reduces chemical fertilizer inputs. Biofertilizers, offering advantages such as improved soil fertility, enhanced nutrient availability, protection against soil-borne pathogens, heightened tolerance to biotic and abiotic stress, and reduced environmental pollution compared to chemical fertilizers, present a sustainable approach to soil improvement. Penicillium, a soil fungus known for its beneficial effects on soil health, particularly concerning soil salinity mitigation in agriculture, deserves special attention. Penicillium exhibits the following mechanisms in combatting soil salinity: Picture 4. Evaluation of the ability of A3 CFF (Penicillium) to alleviate salt stress when added at 1:50 dilution to NS (control). Picture Explanation (A) plant morphology photographed after 1 month of treatment, (B) Shoot length, (C)Root length, (D) Leaf area, (E)Shoot dry weight, (F) Root dry weight of tobacco seedlings grown in NS (control), in NS with Penicillium (A3CFF), with NaCl (250 mM), with 250 mM NaCl and Penicillium, (A3CFF + 250 mM). Different letters on bars represent the significant values according to Duncan’s test (p < 0.05).5 It is important to note that the effectiveness of Penicillium in addressing soil salinity may vary depending on specific soil and environmental conditions. Therefore, it is advisable to consult with agricultural experts or local extension services for guidance on its application and suitability for a particular farming system. Sustainable solutions, such as agricultural microbes in Integrated Soil Fertility Management, natural plant protection, and bio-fertilizers, provide a powerful tool for natural and sustainable agriculture, ensuring quality yield and the health of all players involved in a safer food chain. Main contents : Vassileva M, Martos V, Del Moral LFG, Vassilev N. Effect of the Mode of Fermentation on the Behavior of Penicillium bilaiae in Conditions of Abiotic Stress. Microorganisms. 2023 Apr 19;11(4):1064. doi: 10.3390/microorganisms11041064. PMID: 37110487; PMCID: PMC10143995. 1) doi: 10.1126/science.aag0654 2) Al-Busaidi A.S., Cookson P. Salinity-pH relationships in calcareous soils. Agric. Mar. Sci. 2003;8:41–46. doi: 10.24200/jams.vol8iss1pp41-46. [CrossRef] [Google Scholar] 4) Sanjuán J., Nápoles M.C., Pérez-Mendoza D., Lorite M.J., Rodríguez-Navarro D.N. Microbials for Agriculture: Why Do They Call Them Biostimulants When They Mean Probiotics? Microorganisms. 2023;11:153. doi: 10.3390/microorganisms11010153. [PMC free article] [PubMed] [CrossRef] [Google Scholar] 5) Tarroum M, Romdhane WB, Al-Qurainy F, Ali AAM, Al-Doss A, Fki L, Hassairi A. A novel PGPF Penicillium olsonii isolated from the rhizosphere of Aeluropus littoralis promotes plant growth, enhances salt stress tolerance, and reduces chemical fertilizers inputs in hydroponic system. Front Microbiol. 2022 Oct 27;13:996054. doi: 10.3389/fmicb.2022.996054. PMID: 36386667; PMCID: PMC9648140. More on soil salinity https://www.fao.org/global-soil-partnership/areas-of-work/soil-salinity/en/ The impact of soil salinization climate change environmental pressures intensified agricultural practices altered precipitation patterns suboptimal fertilizer usage diminished water resources declining soil fertility enhancing the efficiency of irrigation systems capturing and treating saline drainage water establishing desalination facilities augmenting groundwater recharge rates implementing mulches or cover crops to conserve water resources in crop cultivation (promising practice) osmoprotectants antioxidants ACC deaminase enzymes hormones exopolysaccharides organic acids nitric oxide siderophores Salt Tolerance: Penicillium can thrive in high-salinity conditions, rendering it a suitable candidate for addressing salinity-related challenges. Salt Exclusion: This fungus possesses the capacity to reduce the uptake of salts, including sodium and chloride, by plant roots, thereby alleviating the detrimental effects of salinity on plant growth. Enhanced Nutrient Availability: Soil salinity often leads to imbalances and reduced availability of essential nutrients for plant growth. Penicillium can solubilize and mobilize nutrients in the soil, making them more accessible to plants and ameliorating nutrient deficiencies caused by salinity stress. Enhanced Plant Growth: By mitigating the adverse impacts of soil salinity, Penicillium promotes improved plant growth and development, enhancing overall physiological processes in plants and leading to increased yields, heightened stress tolerance, and more efficient resource utilization. The interaction between plant-beneficial microorganisms and host plants yields multiple benefits, including enhanced stress tolerance, root modifications, improved soil quality attributes, enhanced nutrient uptake, and the suppression of pathogens. More on soil salinity https://www.fao.org/global-soil-partnership/areas-of-work/soil-salinity/en/ plant toxicity soil salinity soil salinization"
https://wikifarmer.com/category/sustainability/soil-and-water-conservation/,10/19/2023 20:03,"Soil Carbon Sequestration & Rural Women’s Impact Rainwater Harvesting can help Sub-Saharan African Farmers face Climate change Participatory Precision Irrigation Systems – Efficient Management of Irrigation Water Innovative Technologies in Irrigation: The Present and Future of Water Management Components and Types of Drip Irrigation Systems Best Practices for Irrigation System Maintenance and Repair Irrigation Management – How to Optimize Irrigation Efficiency Rural Women play a significant role in carbon sequestration in the soil through biomass production and perennial crop cultivation-care. Women are also crucial in promoting sustainable farming practices that can […] How to collect and use rainwater The Food and Agriculture Organization (FAO) describes Rainwater Harvesting for agriculture as the direct collection, storage, and utilization of runoff rainwater for use in […] Efficient management of irrigation water with IRMA_SYS Co-Author: Angelika Nomikou, Agronomist, R&D collaborator of EFFICIENT WATER RESOURCES MANAGEMENT PC According to Aquastat (a water-related database of the Food Agriculture Organisation […] Water is essential for crop growth and human survival. In the face of climate change, urbanization, and population growth, water management is crucial for the sustainable development of agriculture. The […] Drip irrigation is a type of micro-irrigation system in which water tickles directly to the plant’s roots through a network of pipes and emitters. Compared to other irrigation methods, drip […] Irrigation systems are significant investments in keeping crops, lawns, and gardens healthy and vigorous. However, these systems require regular maintenance and repair to work efficiently and effectively. Neglecting routine maintenance […] All you need to know to improve your Irrigation System Irrigation is an essential component of agriculture, landscaping, and horticulture. Irrigation management emphasizes the application of the right amount of […]"
https://wikifarmer.com/the-role-of-microbes-in-climate-resilient-agriculture/,10/19/2023 20:03,"Helen Onyeaka Associate Professor | Food Microbiology Lecturer Climate Change and Agriculture Microbial and Plant Partnership Beneficial Microbes for Drought Resistance Microbes in Flood-Tolerance Temperature Extremes Microbes Enhancing Nutrient Uptake Biocontrol Agents Climate change is one of the significant challenges that the agricultural sector is facing, with rising temperatures, changing precipitation patterns, and an increase in extreme weather events [1]. These threaten crop yields and food security worldwide. However, amidst these challenges, microbes have emerged at the forefront of efforts to develop climate-resilient agriculture. Microbes have co-evolved with plants for millions of years [2,3], leading to intricate and mutually beneficial partnerships. One of the most well-known examples of such symbiotic relationships is mycorrhizal fungi, extending under plant roots [3]. These fungi provide several benefits to the plants they are in association with, such as improved water and nutrient uptake increased resistance against diseases [4], and nutrient mobilization from organic substrates. During drought conditions, these partnerships become crucial, as mycorrhizal fungi help plants access water stored deeper in the soil [5], improving their resilience to water scarcity. Drought is one of the most important abiotic stress factors that disrupt the growth and development of plants due to climate change [6]. Researchers are exploring the potential of specific microbes, particularly plant growth-promoting rhizobacteria (PGPR), to enhance resistance to drought [6,7]. These PGPR strains stimulate root growth and produce substances that help plants cope with water scarcity. They also promote the production of compounds that regulate plant water use, improving overall water-use efficiency in agriculture [7, 8]. PGPR can also colonize plant roots and eliminate the oxidative damage from drought stress by manipulating the antioxidant enzyme [7, 8]. Flooding poses a different set of challenges, particularly related to soil oxygen levels. Anaerobic conditions in waterlogged soils can harm plant roots. However, certain anaerobic bacteria have evolved to thrive in such environments. Flooding increases the diversity of bacteria from the genera Geobacter and Clostridium [9]. These bacteria help by reducing toxic compounds and promoting root growth even in low-oxygen conditions, thereby enhancing crop survival and yields in flood-prone regions [10, 11]. Temperature extremes, whether scorching heat or freezing cold, can severely impact crop growth. Beneficial microbes play an essential role in helping plants withstand these extremes. Some strains of bacteria produce heat-shock proteins, which protect plants from high-temperature stress [12]. Conversely, cold-tolerant microbes enhance plant survival in frost-prone areas by aiding in acclimatization to lower temperatures. Changing climate conditions can disrupt nutrient availability in soils, affecting plant growth. Microbes, such as nitrogen-fixing bacteria, assist in nutrient uptake by forming symbiotic relationships with plants [13]. They convert atmospheric nitrogen into forms that plants can use, enhancing nutrient availability even in nutrient-poor soils [1]. Climate change can result in pest and disease patterns shifts, making pest management more difficult. Beneficial microbes such as Agrobacterium, Alcaligenes, Arthrobacter, Bacillus, Enterobacter, Erwinia, Pseudomonas, Rhizobium, Serratia, Stenotrophomonas, Streptomyces, Xanthomonas have been shown to have disease protection activity against plant fungal and bacterial pathogens [15]. These organisms can act as biocontrol agents, which reduces the dependence on chemical pesticides that can have detrimental environmental impacts [14]. Table 1 highlights how different microbes play important roles in addressing various climate-induced challenges in agriculture. Table 1: Microbial Contributions to Climate-Resilient Agriculture Conclusion Microbes have co-evolved with plants, forming intricate partnerships that enable crops to withstand the challenges posed by climate change. From drought and flooding to temperature extremes and nutrient deficiencies, beneficial microbes offer solutions for modern agriculture. As our understanding of microbial interactions deepens, we unlock new possibilities for sustainable and resilient farming practices. Microbes are not only the unsung heroes of agriculture but also key players in ensuring global food security in a changing climate. climate resilience climate smart agriculture"
https://wikifarmer.com/category/food-science/nutrition/alternative-proteins-functional-foods/,10/19/2023 20:03,"What are the Whitespaces of Cultivated Meat and How Can Farmers Contribute? Is Cultivated Meat Healthy and can Vegans eat it? Cell-cultivated meat advantages and challenges ahead Cellular Agriculture – Cultivated Meat Plant-based foods in the spotlight: unveiling how the new generation of plant-based foods is made Antinutrients in plant-based foods: are they good or bad for our health? Cell-cultivated meat is an emerging technology that has the potential to transform the way we produce and consume meat. By growing animal cells in a lab setting, cell-cultivated meat offers […] Cell-cultivated meat is a new and innovative way of producing meat products that could revolutionize the food industry. To feed a rising population in a safe and sustainable manner, we […] Advantages to consider Cell-cultivated meat has several advantages, making it an attractive alternative to conventional meat. These include: Environmental Sustainability: Cell-cultivated meat has the potential to reduce the environmental impact […] The food systems that feed the Global North depend on industrial agriculture, intensive livestock farming, and monocropping, and their global reach is growing. These methods alone will not be able […] The new generation of plant-based foods is vast and quite realistic. Have you ever wondered how is it possible to mimic eggs or meat without using any ingredients from animals? […] Did you know that soaking beans in water before cooking is good for your health? Besides being a common practice in some cultures, not everyone knows the science behind this […]"
https://wikifarmer.com/20-plant-based-milk-alternatives-information-production-and-health-benefits/,10/19/2023 20:03,"Why choose a non-dairy milk alternative? The production process of Plant-based milk – How is plant-based milk produced? Which milk has the highest greenhouse emissions?- Which milk needs the most water to be produced? What are the differences in nutritional value in plant-based milks? What are the Potential Downsides of Plant-based Milk? Table of contents Cereal Based Milk Legume based milk Nut-based milk Seed-based milk Pseudo-cereal based milk Other milks Oat Milk: Information, Production and Health Benefits Rice Milk: Information, Production and Health Benefits Soy milk: Information, Production and Health Benefits Lupin Milk: Information, Production and Health Benefits Almond milk: Information, Production and Health Benefits Cashew Milk: Information, Production and Health Benefits Pistachio milk: Information, Production and Health Benefits Macadamia nuts milk: Information, Production and Health Benefits Sesame seeds milk: Information, Production and Health Benefits Hemp Milk: Information, Production and Health Benefits Flax Seed Milk: Information, Production and Health Benefits Hazelnut milk: Information, Production and Health Benefits Coconut Milk: Information, Production and Health Benefits Banana Milk: Information, Production and Health Benefits Production process of Plant-based milks – How are plant-based milks produced? Oat Milk Rice Milk Soy milk Peanut Milk Lupin Milk Almond milk Cashew Milk Pistachio milk Walnut Milk Macadamia nuts milk Sesame seeds milk Hemp Milk Pea Milk Flax seed Milk Hazelnut milk Quinoa Milk Coconut Milk Banana Milk Potato Milk Plant-based milk alternatives are fluids that result from the breakdown (size reduction) of plant material (cereals, pseudo-cereals, legumes, oilseeds, nuts) extracted in water and further homogenized. This results in particle size distribution in a range of 5–20 μm which imitates cow’s milk in appearance and consistency. Although there is no stated definition and classification of these plant-based milk alternatives in literature, a general classification of the plant-based milk alternatives is attempted into five categories, which are as follows: As mentioned above, a wide range of cereals, legumes, nuts, and seeds can be used to make plant-based milks. After harvesting, several processing techniques are used in order to produce these non-dairy beverages. A general outline of the manufacturing process of plant-based milk alternatives (Source: Reyes-Jurado) Producing a daily glass of dairy milk for a year consumes 650 square meters (7,000 square feet) of land, equivalent to two tennis courts, which is over 10 times more than the land required for the same amount of oat milk. Almond milk, has a higher water footprint compared to soy or oat milk. The production of a single glass demands 74 liters (130 pints) of water, surpassing the water usage of a typical shower. Rice milk is also relatively water-intensive, needing 54 liters of water per glass (Poore, 2018). It’s important to note that almond and rice milk still have a lower water footprint than the traditional glass of dairy milk. Source: (Poore & Nemecek (2018), BBC ) Source: (Reyes-Jurado et al., 2021 and Pointke M et al. 2022) Other plant-based milks, such as millet, amaranth, melon seed milk etc. are prepared and/or commercially available in some countries; however, scientific literature on these milks is not available. Oat milk is made from whole oat grains or oat groats. It has a mild, slightly sweet flavor and a creamy texture. Oat milk primarily consists of water and oat flour, and ingredients like vegetable oil, salt, stabilizers, vitamin blends, sweeteners, and flavors. Brands offer diverse options, such as original, extra creamy, low-fat, and flavors like vanilla and chocolate. The production process involves combining rolled oats with water to form a slurry. After that, there is a hydrolysis to prevent starch gelatinization at high temperatures. Filtration is the last step, resulting in a shelf-stable product through ultra-high temperature (UHT) processing. Oats have garnered significant attention due to their rich content of dietary fibers, phytochemicals, and high nutritional value. They offer diverse health benefits, including hypocholesterolemic and anticancerous properties. These health advantages are linked to the presence of dietary fibers like β-glucan, functional proteins, lipids, starch components, and phytochemicals found in oat grains, making it a promising raw material for the production of functional plant-based milk. Oat fibers are recognized for their hypocholesterolemic effects, effectively reducing total and LDL cholesterol. Additionally, oats offer a rich source of antioxidants and polyphenols. However, despite the health benefits, oat milk lacks calcium, an essential nutrient for growth and development. This is why it needs to be fortified before its consumption as a milk alternative. Typically made from brown rice and its derivatives, rice milk shares similarities with dairy milk in taste and behavior in recipes. Rice milk doesn’t have saturated fat. The industrial process of producing rice milk involves multiple steps. In the beginning, rice grains are milled, either fully or partially. “Fully milled” means removing the husk, germ, and bran, leaving only white rice. In contrast, “partially milled” means removing only the husk keeping brown rice. While the fully milled process creates an optimal texture, it leads to losses of vitamins, minerals, and fiber. The milled rice is ground, turned into a slurry by mixing with water, and filtered to eliminate large or coarse particles. Enzymes are then added to partially break down starch. When the desired thickness is achieved, additional ingredients like oil, salt, stabilizers, vitamins, minerals, flavors, and sweeteners are introduced. After adding oil, homogenization forms an emulsion, providing creaminess and stability to the rice milk (Makinen et al., 2016). Fortified rice milk offers benefits, such as promoting bone health due to calcium and vitamin D content. Adequate calcium intake is crucial for preventing osteoporosis, and vitamin D aids in calcium absorption. Calcium in rice milk supports not only bone health but also nerve-muscle communication, blood vessel health, and hormone release. Calcium citrate, often added to rice milk, is easily absorbed, making it suitable for individuals with low stomach acid or absorption disorders. Rice milk can also be helpful in preventing vitamin B12 deficiency, particularly for individuals with absorption issues or certain dietary restrictions. Rice milk is often considered the least allergenic among dairy and non-dairy milk options, making it suitable for those with common allergens like soy, gluten, milk protein, or nuts. Soy milk is made from soybeans. Soy milk, first reported 2000 years ago in China, served as a nutrient source in areas with inadequate milk supply. It was a substitute for those allergic to milk proteins and lactose intolerant. The production of soy milk involves dehulling, heating, soaking, and rinsing whole soybeans to eliminate a beany flavor and reduce antinutrient content. The beans are then ground and filtered, with the soy pulp, containing insoluble fiber and some protein, removed while retaining most of the soy protein. Commercially, soy milk ingredients typically include water, soybeans, a vitamin and mineral blend, salt, natural flavor, and a thickening gum. Some brands may add soy protein concentrate and sugar in sweetened, flavored varieties. Soy milk is commonly fortified with calcium and vitamins A and D, available in various types and flavors like original, light, organic, unsweetened, vanilla, and chocolate. It is rich in monounsaturated and polyunsaturated fatty acids and it supports cardiovascular health. Soy milk lowers plasma LDL cholesterol levels, decreases lipid peroxidation, and improves gastrointestinal health. Isoflavones contribute to soy’s protective effects against cancer, cardiovascular disease, and osteoporosis. Soy proteins and phytochemicals like phytosterols further provide therapeutic benefits and cholesterol-lowering properties. Soy milk is cholesterol-free, lactose-free, and has high nutritional value, digestibility, and cost-effectiveness. It has four times more vitamin D content that cow’s milk. It has a creamy texture and is a good source of protein. Environmentally, growing soy requires low land and water use and doesn’t produce high greenhouse gas emissions. Peanut milk is made from peanuts and water. It has a distinct peanut flavor and is a good source of protein. Oilseeds are increasingly recognized as an alternative to non-dairy beverages, with peanuts standing out. However, the presence of a beany flavor has restricted its widespread applications. Peanut milk is extensively used in developing countries, catering to low-income groups, malnourished children, vegetarians, and individuals with cow’s milk allergies. The growing awareness of the health benefits associated with plant-based milk has further contributed to its increased consumption. Peanut milk is prepared by normal soaking of the peanuts, soaking in 1% NaHCO3 to remove beany flavor, and roasting followed by soaking. Peanuts are ground with hot water, the slurry is sieved, and peanut milk is produced. Peanuts are hailed for their nutritional profile, containing proteins, fats, fibers, vitamins, minerals, antioxidants, phytosterols, and more. This nutrient-rich composition positions peanuts as a healthy choice, potentially positively impacting blood lipid levels, blood sugar regulation, and overall longevity. The functional properties of peanuts are primarily attributed to the presence of phenolic compounds, renowned for their antioxidant functions and protective roles against oxidative damage-related diseases such as coronary heart disease, stroke, and various cancers. Lupin milk is made from lupins. Lupin is a native legume of Latin America. In the production process (Patent EP0449396A1), pre-swollen lupin seeds are ground, and the resulting mash is stirred, if necessary, with additional water to give a thick paste. The protein-containing lupin milk is pressed at room temperature, processed at higher temperatures, and packaged. Sweet lupin has a low glycemic index, making it a versatile ingredient in various food products. Lupin milk has a mild and nutty flavor. Additionally, it is low in calories and fat, and free from cholesterol. Its applications span traditional fermented items like Tempe and Miso to dairy substitutes, bakery products, pasta, noodles, and beyond. It has numerous advantages for creating plant-based milk. It is rich in protein, fiber, and vitamins B and E, it presents a nutritious option. Australian lupin, in particular, has high protein content ranging from 29% to 44%, substantial dietary fiber at 30%, and low-fat content at 6%. Plant-based milk is usually fortified with methionine at a rate of 0.1% to enhance its nutritional value. Almond milk is made from roasted or raw almonds. It has a slightly nutty flavor and is often fortified with vitamins. Commercial almond milk brands typically consist of filtered water, almonds, vitamin and mineral blends, salt, and various additives like gums, ascorbic acid, and sunflower lecithin, among others. The production process involves heating almond powder in water at 90°C, removing large particles through centrifugation, and homogenizing the fluid to achieve a texture similar to cow’s milk. To ensure safety, the almond milk undergoes treatment at ultra-high temperature (UHT) for shelf stability, or it may be pasteurized, requiring refrigeration due to a shorter shelf life. However, the high temperatures employed for safety reasons can lead to nutrient losses in the final product. Compared to other plant-based milk, almond milk is a natural provider of essential vitamins, particularly vitamin E, a nutrient the human body cannot produce and must be obtained through dietary intake or supplements. Alpha-tocopherol, the active component of Vitamin E, functions as a potent antioxidant, playing a crucial role in safeguarding against free-radical reactions. Almonds are abundant in various nutrients, including calcium, magnesium, selenium, potassium, zinc, phosphorus, and copper. Additionally, almonds exhibit potential prebiotic properties (arabinose). This contributes to their functionality by aiding in reducing cholesterol levels, adding to the overall health benefits. It is nutritionally better than other plant-based milks because it is a rich source of calcium and fat and low in calorie count. However, from an environmental point of view, it’s not a good choice. Almonds are grown intensively in California, which has suffered significant drought in recent years. Important to note is that it takes 130 pints of water to make just one glass of almond milk. Cashew milk is made primarily from a blend of cashews and water.It has a creamy texture and a rich flavor. Cashew is ranked as the third most consumed tree nut in the United States. The production process begins with washing and drying cashew kernels, followed by soaking them in hot water to eliminate the hull. Subsequent soaking in cold deionized water, draining, rinsing, and wet-milling lead to a slurry. This slurry undergoes filtration and is pasteurized or subjected to ultra-high temperature (UHT) treatment for shelf stability. To enhance texture, emulsify, and intensify flavor, ingredients like gums, lecithin, and flavors are added in the final steps of production. Additional ingredients may include calcium carbonate, vitamins E, A, and D2. If the milk is flavored, sugar and other ingredients are also added. Cashew milk provides an alternative for those with lactose intolerance. Cashew milk presents a lower-calorie option compared to cow’s milk, while still delivering similar amounts of calcium, vitamin A, and vitamin D. In alignment with USDA Dietary Guidelines, cashew milk, contains low levels of saturated fat. The primary fatty acid in cashews is oleic acid, which is associated with cardiovascular benefits. However, it’s important to note that the amount of cashews in a serving of commercial cashew milk is approximately 3 cashews per serving, which is limiting the potential health benefits compared to consuming whole cashews. It is not recommended for people with nut allergies or sensitivities Pistachio milk is made from pistachios. It has a unique, slightly sweet flavor. Pistachio milk offers various nutritional benefits. One serving provides a notable percentage of the reference daily intake (RDI) for essential nutrients, including potassium, phosphorus, vitamin B6, vitamin B2, copper, and manganese. Pistachios are known for their antioxidant properties and they contain lutein, zeaxanthin, polyphenols, and tocopherols. These antioxidants play a role in preventing cell damage, reducing the risk of diseases like cancer, and protecting eyes from blue light damage and age-related macular degeneration. In terms of weight loss, pistachios are considered a low-calorie nut, and pistachio milk may contribute to weight management. Studies suggest that the fat content in pistachios may not be fully absorbed due to its plant cell wall structure, potentially aiding in weight loss. Additionally, pistachio milk stands out for its environmental friendliness. Plant-based milks, including pistachio milk, are recognized for their low environmental impact, requiring less water and land and emitting fewer greenhouse gases. Pistachios require significantly less water than some other nuts like almonds, contributing to a more sustainable agricultural practice. More specifically, pistachio milk uses about 6x less water than dairy and almost 4x less water than almond milk. Walnut milk is made from walnuts. It has a creamy texture and a mild walnut flavor. The process of producing walnut milk starts when the fresh walnuts are dehusked, soaked in hot water, and peeled. After washing, the walnuts are transferred to a colloid mill machine to create walnut pulp. The walnut pulp undergoes filtration, blending, pasteurization, and homogenization. Finally, the produced walnut milk is filled into bottles or cans for packaging. Regarding the health benefits, it is rich in antioxidants as they contain ellagitannins and tocopherols which provide protection against inflammation. It is a source of essential fatty acids as they are high in polyunsaturated fatty acids, with alpha-linolenic acid (ALA) and linoleic acid being dominant. ALA has been associated with a lower risk of heart disease, and it’s neuroprotective. It is a good fiber source that promotes a healthy gut microbiome and helps in weight management. In a study involving obese individuals, a daily smoothie with walnuts reduced appetite and hunger compared to a placebo drink. Macadamia is made from macadamia nuts. It has a creamy texture and a subtle buttery taste. Macadamias are rich in monounsaturated fats and are known to reduce oxidative stress, inflammation, and signs of aging. Despite being high in fat, they can improve cholesterol levels. This milk is packed with essential nutrients like calcium, thiamine, iron, B6, potassium, and manganese. Many times may be fortified with vitamins and minerals. Compared to other non-dairy milks, macadamia milk stands out for its higher manganese content and good fats. While macadamia nut milk doesn’t have a lot of protein, it offers a diverse range of vitamins and minerals and it is cholesterol-free Seame milk is made from sesame seeds. It has a nutty flavor and is a good source of calcium. Sesame is a crucial oilseed crop globally, finding its way into various preparations like tahini and sweet treats. The production process of sesame milk comprises of washing, water extraction, filtering via high-performance centrifuge, mixing sesame milk with other ingredients and packaging, sterilizing and cooling down. It has high-quality protein content with a distinctive amino acid balance; sesame seeds have significant levels of lignans (sesamin, sesamolin, and others), recognized for their functional properties. These sesame lignans exhibit nutraceutical benefits, showcasing antioxidative, hypocholesterolemic, anticarcinogenic, antitumor, and antivirus activities. While sesame seeds contain significant anti-nutritional factors such as oxalates and phytates, the oxalates are mainly located in the outer hull, with a significant portion removed during decortication. Moreover, compounds responsible for the bitterness of sesame seeds are confined to the hulls, making decortication an essential process that improves flavor and eliminates associated bitterness. The consumption of sesame milk presents a promising alternative to address some limitations linked to soy milk consumption, including the presence of flatulence-inducing factors, allergies to soy proteins, and the beany flavor often associated with soy products. Hemp milk is made from hemp seeds. The production of commercial hemp milk involves mixing hemp seeds are mixed with hot water, allowing them to absorb water and soften. This mixture is wet-milled until the desired consistency is achieved. The resulting slurry is filtered, homogenized for stability, and then cooled to prevent oxidation. Additional ingredients like water, emulsifiers, stabilizers, sweeteners, and flavorings are added to customize the hemp milk. Finally, aseptic processing, including ultra-high temperature (UHT) treatment, is employed to extend the shelf life of the product.It has a slightly nutty flavor and is a good source of omega-3 fatty acids. Hemp seeds are unique among plant-based foods as they provide all essential amino acids, making them a complete protein. They are also rich in omega-3 fats. Limited research shows, though, the potential benefits of hempseed oil on skin health, reducing dryness and itchiness. In cardiovascular health, hemp seed protein contains arginine, which is converted to nitric oxide, promoting blood vessel relaxation. However, hemp milk has low hemp seed content per serving, possibly limiting its cardiovascular benefits. A positive aspect of hemp milk is its unsaturated fats, aligning with dietary guidelines to reduce saturated fats for cardiovascular health. One disadvantage of hemp milk is that it has a low protein content per serving. Users should ensure adequate protein intake from other sources or enhance hemp milk with protein powder if replacing cow’s milk. In contrast to nut-based milk, which involves soaking and blending nuts, pea milk is produced by grinding yellow split-peas into a flour. The process involves creating pea flour, separating protein from fiber and starch, resulting in a white-colored liquid. Following purification, the protein is mixed with water and additional ingredients for enhanced taste and texture. In terms of nutrition, a cup of pea milk generally contains 70 to 100 calories, 6 to 15 grams of carbohydrates, 7 to 8 grams of protein, 4 to 5 grams of fat, and 6 to 15 grams of sugar, depending on the type. Additionally, it offers around 465 milligrams of fortified calcium and includes iron, potassium, vitamin A, and vitamin D. Pea milk has many benefits. Firstly, it provides a dairy-free and soy-free alternative for those seeking the creaminess of cow’s milk without lactose-related digestive concerns. Rich in protein, comparable to 2% cow’s milk, it aligns with vegan and vegetarian diets, offering a plant-based protein source like soy milk. Fortification with essential nutrients like calcium and vitamin D makes it suitable for growth and development, particularly beneficial for children. Some varieties also include added vitamin B12, addressing a common deficiency in vegan diets. Additionally, beyond nutritional advantages, pea milk production is environmentally sustainable, utilizing fewer resources compared to traditional dairy milk. Flaxseed milk is made from flax seeds. It has a mild, slightly nutty flavor, like almond, and is a good source of omega-3 fatty acids. Flaxseed has gained global recognition as a health food due to its rich content of diverse nutrients and bioactive compounds, including oil, fatty acids, proteins, peptides, fiber, lignans, carbohydrates, and micronutrients. These components give flaxseed various beneficial properties, making it suitable for applications in nutraceuticals, food products, cosmetics, and biomaterials. Flaxseed milk stands out as a nutrient-rich beverage, offering omega-3 fatty acids which are crucial for heart health, blood pressure, brain function, and overall well-being. It encompasses a range of essential nutrients such as protein, fiber, calcium, iron, and vitamin B12, contributing to robust bone development, immune system enhancement, and overall health support. It also helps at weight management. It is low in calories and fat composition. The high fiber content in flaxseed milk induces a feeling of fullness, reducing the likelihood of overeating and facilitating adherence to weight management goals. Hazelnut milk has a rich, nutty flavor similar to hazelnuts. In terms of production, hazelnut milk is typically made by soaking hazelnuts, blending them with water, and straining the mixture for a smoother consistency. Commercial varieties may have added flavorings and sweeteners, with some fortified with vitamins like D and B12. The pasteurization or UHT treatment ensures safety and shelf stability, and the final product is ready for consumption. Hazelnut milk contains essential nutrients, including healthy fats, proteins, and various vitamins and minerals like calcium, magnesium, and potassium, hazelnut milk supports overall well-being. Its healthy fat composition, contributes to heart health by lowering bad cholesterol levels. Rich in antioxidants, particularly vitamin E, hazelnut milk helps combat free radicals, potentially reducing the risk of chronic diseases. Additionally, hazelnut milk provides dietary fiber that is good for digestive health. Quinoa milk has a mild, slightly earthy taste and is gluten-free. Quinoa has high nutritional value as it contains essential fatty acids (omega-3 and omega-6), potassium, calcium, phosphorus, iron, zinc, magnesium, and vitamins B and E. The production of quinoa milks follows the steps of the cleaning process to remove any impurities or debris in quinoa. After, the grains are soaked in water. This soaking process helps soften the grains and begins the breakdown of complex compounds. The soaked quinoa is blended with water to create a quinoa slurry. The quinoa slurry is then strained to separate the liquid from the solid residue. This process removes the fibrous components of quinoa, leaving a smoother liquid. To enhance nutritional content, commercial quinoa milk may undergo fortification. This involves adding vitamins and minerals such as calcium, vitamin D, and B-vitamins to mimic the nutritional profile of cow’s milk. The last step is pasteurization which helps eliminate harmful bacteria and enzymes, extending the shelf life of the product. Quinoa milk emerges as a protein-rich, low-fat, and low-carbohydrate alternative with zero cholesterol. Its suitability for diverse demographic groups, including babies, children, the elderly, and pregnant or lactating women, stems from its nutritious vegetable protein content, which is easily digestible. Apart from this, quinoa milk is advantageous for people dealing with diabetes and lactose intolerance. Coconut milk has a rich, tropical flavor and is commonly used in cooking as well. Coconut milk has a vital role in Southeast Asian cuisine. Known for its high-fat content, coconut milk is commonly employed in curries to give thickness and substance to the dish. Coconut milk consists of water and coconut cream. It is possible to addl components like lecithin for emulsification and gums for thickening. Some brands fortify coconut milk with calcium, vitamins A and D, or even B12. Coconut cream is derived from dry-pressed coconut meat, later diluted with water to create coconut milk. Alternatively, soaking grated mature coconut meat in water and heat processing provides prodcut stability. It’s essential to distinguish coconut milk from coconut water, as the latter is a sweet, translucent fluid available directly from coconuts or in commercial packaging. Beyond its culinary uses, coconut is a nutrient-dense product and an excellent source of dietary fiber. The health benefits associated with coconut milk are diverse, including anti-carcinogenic, anti-microbial, anti-bacterial, and anti-viral properties. Lauric acid, a saturated fat in coconut milk and is linked to promoting brain development. Lauric acid is also known to boost the immune system and maintain the elasticity of blood vessels. Additionally, coconut milk is a rich source of antioxidants, particularly vitamin E, which aids in combating the effects of aging. It is important to note that allergic reactions to coconut milk consumption are rare. Additional benefits of coconut milk include aiding digestion, nourishing the skin, and possessing cooling properties. However, the presence of saturated fats imposes limitations on its consumption despite its overall health advantages. Banana milk is a beverage made by blending bananas with water. It serves as an alternative to traditional milk and can be used similarly. It is also nut-free. The main ingredient, bananas, contributes various nutrients and potential health benefits. However, the nutritional content may vary based on recipes, with some commercial brands adding sweeteners, flavorings, or other ingredients that may be less healthy. The store-bought versions might differ from homemade ones in terms of taste, nutritional profile, and allergen content. Banana milk contains micronutrients like potassium and vitamin B6 present in bananas. Commercial banana milk brands enhance their products with added potassium, calcium, and vitamin D. Potato milk is a creamy beverage made from potatoes, similar to almond, oat, soy or coconut milk. Commercial Potato milk products contain water, potato, protein, fibers, and rapeseed oil. Sugars, flavors, vitamins, and emulsifiers. In a 100 ml serving, potato milk provides 39 calories, 1.5g fat, 4.4g carbohydrates, 1.1g fiber, and 1.3g protein. Notably, this serving offers 15% of daily calcium, vitamin D, riboflavin, and folic acid requirements. The unsweetened varieties have slightly higher fat content, with the unsweetened ones having less added sugar and fewer carbs. Sethi S, Tyagi SK, Anurag RK. Plant-based milk alternatives an emerging segment of functional beverages: a review. J Food Sci Technol. 2016 Sep;53(9):3408-3423. doi: 10.1007/s13197-016-2328-3. Epub 2016 Sep 2. PMID: 27777447; PMCID: PMC5069255. Reyes-Jurado, N. Soto-Reyes, M. Dávila-Rodríguez, A.C. Lorenzo-Leal, M.T. Jiménez-Munguía, E. Mani-López & A. López-Malo (2021): Plant-Based MilkAlternatives: Types, Processes, Benefits, and Characteristics, Food Reviews International, Pointke M, Albrecht EH, Geburt K, Gerken M, Traulsen I, Pawelzik E. A Comparative Analysis of Plant-Based Milk Alternatives Part 1: Composition, Sensory, and Nutritional Value. Sustainability. 2022; 14(13):7996. https://doi.org/10.3390/su14137996 Berardy AJ, Rubín-García M, Sabaté J. A Scoping Review of the Environmental Impacts and Nutrient Composition of Plant-Based Milks. Adv Nutr. 2022 Dec 22;13(6):2559-2572. doi: 10.1093/advances/nmac098. PMID: 36083996; PMCID: PMC9930689. Popovici, Cristina & Baerle, Alexei & Tatarov, Pavel. (2017). Biochemical aspects of walnut dairy free milk. 56. 28-33. Colquhoun, David & Humphries, Julie & Moores, D. & Somerset, Shawn. (1996). Effects of a macadamia nut enriched diet on serum lipids and lipoproteins compared to a low fat diet. Food Australia. 48. 216-222. A Romulo 2022 IOP Conf. Ser.: Earth Environ. Sci. 1059 012064 Dhankhar, J., & Kundu, P. (2021). Stability Aspects of Non-Dairy Milk Alternatives. IntechOpen. doi: 10.5772/intechopen.96376 Poore, J., & Nemecek, T. (2018). Reducing food’s environmental impacts through producers and consumers. Science, 360(6392), 987–992. Perugu Balachandra Yadav, L. Edukondalu, S. Patel and Bhaskara Rao, D. 2018. Proximate Composition of Peanut Milk Prepared by Different Methods. Int.J.Curr.Microbiol.App.Sci. 7(10): 2388-2391. doi: https://doi.org/10.20546/ijcmas.2018.710.276 Utah State University: https://extension.usu.edu/nutrition/research/dairy-milk-alternatives University of Florida: https://edis.ifas.ufl.edu/publication/FS412 https://edis.ifas.ufl.edu/publication/FS413 https://agrimeet.org/data/p_url/1827652780.pdf https://www.futuremarketinsights.com/reports/plant-based-milk-market https://www.bbc.com/news/science-environment-46654042 Oat milk, Rice milk, Corn milk, Spelt milk, Kamut Soy milk, Peanut milk, Lupin milk, Cowpea milk, Bambara groundnut, Kidney bean, Chickpea : Almond milk, Hazelnut milk, Pistachio milk, Walnut milk, Cashew milk, Macadamia Sesame milk, Flax milk, Hemp milk, Sunflower milk, Pumpkin seed Quinoa milk, Teff milk, Amaranth milk. Banana milk, Coconut milk, Potato milk, Moringa, colocynth ( Citrullus colocynthis) seeds, cantaloupe-seeds milk alternative The raw material processes in plant-based milk production allow for the enhancement of nutritional content. These milks can be fortified with essential vitamins, minerals, and other nutrients, providing a balanced beverage. Plant-based milk is derived from a variety of sources, such as cereals, legumes, nuts, seeds, and others. This diversity allows consumers to choose from a wide range of flavors, nutritional profiles, and dietary preferences and requirements. Many plant-based milks, including almond, soy, and oat milk, are naturally low in saturated fat and cholesterol. Additionally, they often contain beneficial compounds like antioxidants and omega-3 fatty acids, contributing to heart health and overall well-being. Plant-based milk is an alternative for people with allergies or intolerances to dairy products. Common allergens such as lactose, casein, and whey are absent, making these milk alternatives suitable for a broader population. According to research by the U.S. National Library of Medicine (2020) , a reduction in the digestion of lactose has appeared in 65% of the world population. The production of plant-based milk is generally considered more environmentally sustainable than traditional dairy farming. Plant agriculture tends to have a lower ecological footprint, requiring less land, water, and emitting fewer greenhouse gases, contributing to a more sustainable food system. Notably, studies have highlighted the substantial water footprint of milk production, indicating that it requires 600–800 liters of water to produce one liter of milk—four times more than the water needed for the production of one liter of soymilk, a plant-based alternative derived from soybeans. Plant-based milks, particularly those derived from legumes like soy and peas, offer a rich source of plant-based proteins. The formulation stage allows for customization, enabling the addition of flavors, sweeteners, and other ingredients to enhance taste and palatability. This flexibility encourages innovation in the development of new and diverse plant-based milk products. The plant-based milk market is witnessing continuous growth, fostering innovation and expanding accessibility. By 2033 the market for plant-based milk is expected to reach 47.2 Billion dollars, while by 2023 is 19.8 Billion dollars. The production process of Plant-based milk – How is plant-based milk produced? Raw Material Pretreatment: Raw materials undergo pretreatment to enhance extraction, improve nutritional quality, and eliminate off-flavors. Techniques include dehulling, soaking, and blanching. Extraction: The extraction process is crucial in product composition. Various methods, including alkaline solutions or enzymatic hydrolysis, are used to increase yield and efficiency. Separation: Filtration, decantation, or centrifugation removes coarse particles from the slurry. Excess fat, especially in high-fat content raw materials, can be separated for further use. Product Formulation: After removing insoluble materials, additional ingredients like vitamins, minerals, sweeteners, flavors, and stabilizers are added. Fortification is essential to enhance nutritional quality. Homogenization: Insoluble particles are reduced in size through homogenization using mechanical devices such as high-shear mixers or colloid mills. This improves stability by disrupting aggregates. Heat Treatment: Heat treatment contributes to preservation by reducing microbial counts and inactivating enzymes. High-temperature processes such as pasteurization, sterilization, or UHT (ultra-high temperature) are utilized to prolong the shelf life of plant-based milk by eliminating microorganisms. Nutrient Fortification: Processing may affect micronutrient concentrations, so supplementation of water-soluble vitamins and minerals is recommended after thermal treatment to ensure nutritional adequacy. A general outline of the manufacturing process of plant-based milk alternatives (Source: Reyes-Jurado Producing a daily glass of dairy milk for a year consumes 650 square meters (7,000 square feet) of land, equivalent to two tennis courts, which is over 10 times more than the land required for the same amount of oat milk. Almond milk, has a higher water footprint compared to soy or oat milk. The production of a single glass demands 74 liters (130 pints) of water, surpassing the water usage of a typical shower. Rice milk is also relatively water-intensive, needing 54 liters of water per glass (Poore, 2018). It’s important to note that almond and rice milk still have a lower water footprint than the traditional glass of dairy milk. Which milk has the highest greenhouse emissions?- Which milk needs the most water to be produced? Source: (Poore & Nemecek (2018), BBC ) Reyes-Jurado et al., 2021 and Pointke M et al. 2022) Soy milk is made from soybeans. Soy milk, first reported 2000 years ago in China, served as a nutrient source in areas with inadequate milk supply. It was a substitute for those allergic to milk proteins and lactose intolerant. Flaxseed has gained global recognition as a health food due to its rich content of diverse nutrients and bioactive compounds, including oil, fatty acids, proteins, peptides, fiber, lignans, carbohydrates, and micronutrients. These components give flaxseed various beneficial properties, making it suitable for applications in nutraceuticals, food products, cosmetics, and biomaterials. Flaxseed milk stands out as a nutrient-rich beverage, offering omega-3 fatty acids which are crucial for heart health, blood pressure, brain function, and overall well-being. It encompasses a range of essential nutrients such as protein, fiber, calcium, iron, and vitamin B12, contributing to robust bone development, immune system enhancement, and overall health support. It also helps at weight management. It is low in calories and fat composition. The high fiber content in flaxseed milk induces a feeling of fullness, reducing the likelihood of overeating and facilitating adherence to weight management goals. Coconut cream is Beyond its culinary High Added Sugar Content Additives Potential Allergies Cost and Availability Perugu Balachandra Yadav, L. Edukondalu, S. Patel and Bhaskara Rao, D. 2018. Proximate Composition of Peanut Milk Prepared by Different Methods. Int.J.Curr.Microbiol.App.Sci. 7(10): 2388-2391. doi: https://doi.org/10.20546/ijcmas.2018.710.276 Utah State University: https://extension.usu.edu/nutrition/research/dairy-milk-alternatives University of Florida: alternative proteins nutrition Plant based vegan"
https://wikifarmer.com/7-modern-and-efficient-ways-to-protect-crops-from-pests-and-diseases/,10/19/2023 20:03,"Amid the backdrop of declining biodiversity in agricultural ecosystems, a pressing need exists to preserve ecosystem functions, particularly those tied to natural pest control, by implementing ecologically and financially sustainable crop protection practices. The ecological impacts and potential hazards posed by plant protection products on terrestrial and aquatic organisms are well-documented. Recent initiatives involving stricter regulations and the withdrawal of substances detrimental to pollinators have augmented environmental protection efforts, as well as AI and new technologies based on prevention and tempestive treatments rather than after damage intervention. Furthermore, the accumulation of evidence suggests that direct human exposure to plant protection products can occur through dermal contact, ingestion, ocular exposure, and inhalation. The documented consequences of such exposure encompass adverse effects on human health, including cancer, endocrine disruption, respiratory ailments, reproductive disorders, and neurological and cognitive impairments. Historically, the development of plant protection products played a pivotal role in intensifying agriculture during the 20th century. However, the contemporary imperative calls for agriculture that is swifter, more efficient, and circular, eliminating hazards associated with food safety, biodiversity, soil health, water quality, and human well-being. While the majority of farmers still highly depend on agrochemicals, there is a rising trend toward Integrated Pest and Disease Management measures for sustainable and efficient crop protection. This article will focus on: – 7 modern and emerging ways to protect crops – the impact crop protections may have – what can we change to improve our agro practices Picture 1. A.Symptoms caused by Pseudomonas syringae pv. tomato in harvested ripe fruits of L.Esculentum, 7 days after. B. Flavonoids-based solution (Naturnova) sprayed on mature fruit 24 h before inoculation with bacterial suspension (1×105 CFU ml -1) “Achieving an environmentally sustainable increase of production and access to affordable healthy diets while protecting and enhancing the livelihoods of the world’s small-scale agricultural producers and other agrifood system actors is a global challenge. Moreover, agricultural production systems still lack integration, optimization, diversification, and innovation while relying on intensive chemical inputs and natural resources (FAO.1).” Crop protection methodologies are constantly evolving, driven by societal pressures and the ever-evolving needs of agricultural practitioners. The nexus of innovation within the farming sector, facilitated by industry-driven initiatives and rigorous research conducted by universities and research institutions, offers many opportunities for enhancing crop protection techniques. Some are presented below. 1. Mechanical Techniques: Mechanical methods involve the physical manipulation of crops to mitigate pest and disease pressures. These techniques include using barriers, traps, and machinery to deter and manage crop threats. 2. Plant Breeding: The discipline of plant breeding focuses on the genetic enhancement of crop varieties, fostering innate resistance to pests and diseases. Through selective breeding, cultivars with improved natural defenses are developed. 3. Biocontrol: Biocontrol strategies harness the potential of beneficial organisms to regulate pest populations. Predators, parasitoids, and microorganisms are deployed to maintain ecological balance within agricultural systems. 4. Induced Resistance: Inducing resistance within crops through biostimulants or elicitors activates the plant’s innate defense mechanisms. This method enhances the crop’s ability to fend off pathogenic intruders. 5. Applying Ecological Principles in Diversified Systems: Incorporating ecological principles into farming systems involves the creation of diverse agroecosystems. These systems foster natural pest control and reduce the reliance on synthetic inputs. 6. Precision Agriculture (PA) and AI: Precision agriculture employs advanced technologies, including remote sensing and data analytics, to optimize resource allocation, enhance crop health, and minimize environmental impact. 7. Plant Protection Products (PPP): Plant protection products encompass a range of substances, including agrochemicals, organic compounds, and their combinations. These substances can comprise soaps, fungicides, repellents, and botanical compounds. Picture 2. Treatment with organic vegetal fatty acids (Naturnova) (left) and with agrochemicals (right). *The impact assessment is indicative, i.e., the available data and information is insufficient or inconclusive. The impacts are rated as Positive (+ or + +), Neutral/Unknown (=) or Negative (-) Interactions among these seven crop protection practices can manifest in various ways, including synergistic reinforcement, neutral coexistence, or mutual exclusion. Their collective aim, however, is to safeguard crops through natural means. Notably, breeding and induced resistance represent preventive measures, while diversified systems and precision agriculture incorporate both preventive and control measures. Precision agriculture & AI are emerging as a practice with far-reaching positive impacts across multiple facets, prominently enhancing crop yield and competitiveness and switching from linear to circular processes. Although plant protection products can be employed for prevention, their primary and still most common use lies in pest, disease, and weed control. Picture 3: Wood tannins-based solution (Naturnova Tannifusion) on bean nematodes. Treated plant on top, untreated two plants below. Biocontrol, induced resistance, and ecological principles all exhibit positive or neutral impacts, with biocontrol and ecological principles notably bolstering biodiversity and crop yield. However, they may have neutral implications for farmer income. Picture 4：An example of a cover crop matched with PPFMs bacterias; while cover crop provides Erosion control, weed suppression, nutrient scavenging, and improved soil structure, PPFMs bacterias work against salinity, fungal, and bacterial diseases, enhancing adversity resistance. While beneficial in weed control, enhanced mechanical techniques can have adverse effects on climate change due to increased greenhouse gas emissions from soil disruption and heightened fuel consumption; this implies the need for alternative and more sustainable solutions. Picture 5: IPM Solar settable device against pests (Naturnova). It is imperative to recognize that the presented analysis does not account for potential synergistic interactions between these crop protection practices. Precision agriculture, coupled with improved sprayer technology, is promising for optimizing pesticide application efficiency and reducing overall usage. Moreover, the collective integration of these practices can conceivably lessen the future reliance on plant protection products. Table 1: Potential impacts* of new and emerging crop protection practices on the control of weeds, diseases, and insects Precision agriculture, AI, and ecological principles demonstrate significant potential impact across all categories regarding controlling pests, diseases, and insects. Plant breeding exhibits a high potential to address diseases and an intermediate potential to manage weeds and insects. While playing critical roles, mechanical techniques, biocontrol, and induced resistance vary in their potential to address these challenges. Regenerative agriculture is poised to emerge as the predominant approach for the future, emphasizing a return to natural principles. A significant impediment, however, resides in the apprehension toward transformation among agricultural stakeholders. The prospect of incorporating sustainable inputs, technology, and equipment to safeguard food production and promote a cleaner agricultural future instills trepidation among farmers. It is imperative to elevate participants’ awareness in the agricultural supply chain, ensuring that innovative solutions effectively address pertinent issues and are accessible to farmers. Historically, the primary emphasis has been on maximizing yield outcomes. Still, in contemporary contexts, there is a growing recognition of the importance of considering the methodologies and rationales underpinning agricultural practices, which haven’t yet spread across the whole chain. In conclusion, the field of crop protection continues to evolve, necessitating ongoing research and education for both upstream and downstream stakeholders in the agricultural sector. These innovative approaches represent significant strides toward sustainable agriculture, aligning with global sustainability objectives. By harnessing the power of nature-based solutions, we can fortify the resilience and long-term viability of our food supply chains, ushering in a future grounded in natural harmony. Riemens, Marleen. “The future of crop protection in Europe.” (2021). https://www.fao.org/plant-production-protection/about/en Buckwell, A., De Wachter, E., Nadeu, E., Williams, A. 2020. Crop Protection & the EU Food System. Where are they going? RISE Foundation, Brussels. Mechanical methods involve the physical manipulation of crops to mitigate pest and disease pressures. These techniques include using barriers, traps, and machinery to deter and manage crop threats. Inducing resistance within crops through biostimulants or elicitors activates the plant’s innate defense mechanisms. This method enhances the crop’s ability to fend off pathogenic intruders. Incorporating ecological principles into farming systems involves the creation of diverse agroecosystems. These systems foster natural pest control and reduce the reliance on synthetic inputs. Precision agriculture employs advanced technologies, including remote sensing and data analytics, to optimize resource allocation, enhance crop health, and minimize environmental impact. Plant protection products encompass a range of substances, including agrochemicals, organic compounds, and their combinations. These substances can comprise soaps, fungicides, repellents, and botanical compounds. Picture 3: While beneficial in weed control, can have adverse effects on climate change due to increased greenhouse gas emissions from soil disruption and heightened fuel consumption; this implies the need for alternative and more sustainable solutions. It is imperative to recognize that the presented analysis does not account for potential between these crop protection practices. Precision agriculture, coupled with improved sprayer technology, is promising for optimizing pesticide application efficiency and reducing overall usage. Moreover, the collective integration of these practices can conceivably lessen the future reliance on plant protection products. agri-tech IPM plant protection sustainability"
https://wikifarmer.com/what-is-the-fortification-of-milk/,10/19/2023 20:03,"Fortification of milk Fortification of plant-based milk Fortification of milk is a procedure to enrich cow’s milk with additional vitamins and minerals not naturally present in significant amounts. Usually, vitamin D and A are the most common added vitamins to milk, but other nutrients like zinc, iron, and folic acid may also be included. The process involves adding heat-resistant vitamin A and vitamin D3 before pasteurization and homogenization. Fortified milk is used in the same way as unfortified milk. It can be used for drinking or cooking. While some nutrients like B vitamins are heat-sensitive and added later, B vitamin fortification is not common. Fortification of plant-based milk is essential to ensure it serves as a suitable substitute for traditional cow’s milk. A substitute food is designed to resemble a common food, but nutritionally, plant-based milks differ from cow’s milk. While they are affordable alternatives for those who cannot afford or are allergic to cow’s milk, they may lack essential nutrients, especially protein and calcium. Essential nutrients, vital for growth and development, must be added to plant-based milks to make them nutritionally equivalent. For example, cereals like rice and oats, which are commonly used in plant-based milks, may lack sufficient protein and calcium. Fortification helps meet the nutritional requirements of consumers and reduces the need for additional supplementation. Soy milk, for instance, contains equivalent protein but only a fifth of the calcium found in cow’s milk. Fortificants like calcium carbonate and tri-calcium phosphate are used to address this deficiency. Processing treatments such as flaking, blanching, and ultra-high-temperature treatment can lead to nutrient loss, especially of vitamins and minerals. To compensate for these losses, nutrients are added back during fortification. While plant-based beverages can be a part of a balanced diet for children above 2 years of age who cannot consume cow’s milk for medical reasons, it’s essential to ensure that these fortified plant-based beverages contain at least 6 g of protein per 250 ml. https://www.fssai.gov.in/upload/media/FSSAI_News_Milk_HealthLine_04_09_2019.pdf dairy food science milk"
https://wikifarmer.com/category/agricultural-principles/integrated-pest-and-disease-management-in-agriculture/,10/19/2023 20:03,"Integrated management of Pythium in Hydroponic Lettuce Cherry fruit fly (Rhagoletis cerasi): The most crucial cherry tree pest Bacillus species: A Green Solution for Sustainable Crop Production Plant – Insect Relation: Plant Defense Mechanisms against Insect Pests Guidelines for safe and effective use of chemicals in agriculture for crop protection How to Recognize Powdery Mildew in Strawberry and Control it Efficiently Important Beneficial Insects as Natural Enemies of Crop Pests *Co-author: Yasmin Barkat, Horticulturist & Hydroponic Farming (Trainer), Mymaximus, Dubai, UAE The constantly increasing earth’s population creates an urgent and challenging need to cover the higher demand for food. Every […] The cherry fruit fly (Rhagoletis cerasi) is a pest with a significant role in cherry orchards worldwide. These tiny flies lay their eggs on ripe cherries, causing infestations that can […] The growth of the global population has brought about an escalated need for food resources. Traditional farming practices heavily rely on chemical fungicides/pesticides to control pests and pathogens, causing detrimental […] How the plants react to insects’ threats Plants and phytophagous insects have lived together on Earth for more than 400 million years (1). Both organisms have evolved strategies to avoid each […] Guidelines for safe and effective use of chemicals in agriculture for crop protection With the wisdom of Fair Planet – The guidelines presented below are shared by the Fair […] Strawberries (Fragaria * ananassa) are unique, delicious, nutritious, high-value crops that bear their seeds on the outside surface of the fruit-berry. Nowadays, this beautiful fruit is cultivated worldwide in different […] Use of Crop Pests’ Natural Enemies for Biological Control What is Biological Control (BC)? Biological control is a component of an integrated pest management strategy. It is defined as the […]"
https://wikifarmer.com/bio-based-fertilizers-as-a-sustainable-alternatives-of-synthetic-fertilizers/,10/19/2023 20:03,"Nazerke Amangeldy Bringing circularity in the fertilizer production system What are Bio-Based Fertilizers? Why are Bio-Based Fertilizers becoming popular in recent years? PhD candidate at Gent University The problem with our current fertilizer production system What are the advantages of Bio-Based Fertilizers? There is an increasing interest and focus on circular economy that advocates for sustainable development and cultivation. In this context, fertilizer production industries are also being sustainably revolutionized through innovative approaches via recovering nutrients from organic waste sources. Also, there is a pressing need to transition towards a “circular” approach in managing our production systems, driven by the urgency in managing and combating climate change. Sustainable nutrient management is necessary. The linear production system based on “take-make-consume-throw” approaches accounts for rising global issues such as waste generation, environmental pollution, threatening wildlife, and contributing to greenhouse gas emissions. In the case of “fertilizer production,” the current methods primarily rely on the exploitative mining of scarce resources like phosphorus (P) and involve energy-intensive processes, notably in the case of nitrogen (N) production. This approach to production has the potential to yield hazardous consequences for humanity due to the following reasons: Therefore, recovering nutrients from organic sources and using them as fertilizers would directly diminish waste (i.e., organic waste) and lessen the danger to wildlife and greenhouse emissions linked with waste sources. Also, bringing circularity in the fertilizer production system is the solution for the “Phosphate Fertilizer Crisis,” and it replaces the emission-intensive way of producing N fertilizers with an innovative emission-reduced production system (e.g., biogas produced from anaerobic digestion can be used as the primary energy source). Figure 1. Converting waste into energy: Anaerobic digestion process (Illustration graphic by Sara Tanigawa, EESI). More on “Biogas” production: https://www.eesi.org/papers/view/fact-sheet-biogasconverting-waste-to-energy). The central concept of producing “Bio-Based Fertilizers” lies in recovering plant-available nutrients from bio-based or organic-based substances (animal, plant, or microbial origin, residues, organic wastes, etc.) for their subsequent use as fertilizers in agriculture (Albert & Bloem, 2023). Currently, there are more than 100 various nutrient recovery technologies, as reported by the European Commission (2019), and different processing methods accordingly (Figure 2). Because this field is relatively new, innovative methods for extracting nutrients from diverse sources are still being explored. For example, a team of researchers discovered a method to produce a nitrogen-rich liquid fertilizer using chicken feathers, which are abundant and contain substantial nitrogen content (Nurdiawati et al., 2018). It is important to acknowledge that there is currently no universally accepted standard term for labeling products derived from organic waste or bio-based materials. Nevertheless, “bio-based fertilizer” is the most frequently utilized and referenced term in the literature concerning this field. Figure 2. Examples of bio-based or organic materials and processes to produce “Bio-Based Fertilizers” (Albert & Bloem, 2023). As we mentioned above, the production of synthetic fertilizers is associated with significant problems, including the carbon-intensive manufacturing process and the depletion of finite sources of raw materials. As the global population continues to grow, the stress on agricultural lands (for higher yields) will also increase. However, the availability of phosphorus (P) is limited, and there is a pressing need to reduce emissions to avoid/lessen the devastating consequences of climate change. Consequently, scientists are inclined to innovate, and policymakers are inclined to support the solutions that are aimed at mitigating and addressing climate change, where the production of bio-based fertilizers is among these solutions. For instance, there is a rising research interest in developing new technologies for recycling resources and recovering nutrients for farmers’ use in the USA (namely the US Environmental Protection Agency) and Europe (research project funding under the Green Deal call). Since this area is relatively new, these innovative production systems are costly to adopt. Moreover, numerous challenges and knowledge gaps exist in this domain. These include concerns about transportation and production costs, regulations, the influence of bio-based fertilizers on soil microorganisms, environmental risks, inconsistent nutrient contents of end-products, matching crops, and policy frameworks. Albert, S., & Bloem, E. (2023). Ecotoxicological methods to evaluate the toxicity of bio-based fertilizer application to agricultural soils – A review. In Science of the Total Environment (Vol. 879). Elsevier B.V. https://doi.org/10.1016/j.scitotenv.2023.163076 European Commission. (2019, November 11). 100 nutrient recovery technologies and novel fertiliser products. Nurdiawati, A., Nakhshiniev, B., Zaini, I. N., Saidov, N., Takahashi, F., & Yoshikawa, K. (2018). Characterization of potential liquid fertilizers obtained by hydrothermal treatment of chicken feathers. Environmental Progress and Sustainable Energy, 37(1), 375–382. https://doi.org/10.1002/ep.12688 Bio-Based Fertilizers organic agriculture Sustainable Agriculture synthetic fertilizers"
https://wikifarmer.com/category/sustainability/sustainable-plant-nutrient-management/,10/19/2023 20:03,"What are endophytic bacteria, and how can they affect plant growth? When are approaches to Plant Nutrient Management actually Sustainable? Soil and plant analysis and field observations How important are the Micronutrients for plants Ion charges and secondary (=meso) nutrients: Calcium, Magnesium and Sulphur The importance and management of Phosphorus (P) and Potassium (K) in plant production Biological Nitrogen Fixation and seeding Legumes for Soil Fertility The role of endophytic bacteria in nutrient uptake and nitrogen fixation. Why do microbes enter plant roots? It is widely known and accepted that most plants obtain nutrients through […] -Discussion, conclusion, and perspectives of sustainable nutrient management. Principles, terms, schools, and debate for sustainable nutrient management Sustainable nutrient management is based on the combination of many facts and principles, […] Maps and guidelines for crops and local soil types can help focus on relevant issues. Soils are classified into various systems, classes, and subtypes based on their origin and lasting […] Micronutrients: No problem, hidden hunger or visibly damaged on young plant parts and consumers? Micronutrients can be difficult for plants to take up in special soil conditions or for some crops […] The secondary nutrients are Calcium (Ca), Magnesium (Mg, not Mn), and Sulphur (S). They are needed in moderate (=’meso’) amounts compared to macro (N, P, K) and micronutrients. Only Magnesium […] Phosphorus Phosphorus (the element P, often called phosphate, e.g., HPO42-). Phosphates are the naturally occurring form of P in minerals and solutions and with mainly H2PO4- in acidic soil solutions and […] Biological nitrogen fixation: Making soil air into nitrogen-forms plants can use Free-living organisms in the soil can fix small amounts of Nitrogen. Sometimes large amounts can be fixed by bacteria […]"
https://wikifarmer.com/circular-agriculture-the-soil-microbiome-and-the-advantage-of-using-recycled-nutrients/,10/19/2023 20:03,"Luca Buzzotta How transit to more sustainable, profitable, and circular agriculture The trends in agriculture What are recycled nutrients? Sustainable Plant Nutrient Management (SPNM): An overview The combination of the use of beneficial and environmentally friendly microorganisms for agricultural production, such as P (phosphorus) solubilizers and N (nitrogen) fixers, together with inorganic fertilizers, is an increasingly important line of research aimed at developing microbial formulations that enhance the benefits of mineral inputs reducing harmful effects on the environment. Since most agricultural systems are N- and P-limited, this novel approach will likely be of global interest. – FAO, 2022 Soil microorganisms constitute the predominant component of soil biomass, with a remarkable abundance ranging from 10 million to a billion bacteria inhabiting a mere gram of soil. Nonetheless, many of these microorganisms remain enigmatic, as they defy cultivation on standard laboratory culture media. The term “microbes” encompasses a spectrum of microorganisms, including bacteria, fungi, enzymes, and more, along with their genetic material and the intricate web of interactions they establish within the soil matrix. It is imperative to emphasize the significance of conserving soil biodiversity as a foundational prerequisite for preserving the soil microbiome. This conservation effort, in turn, underpins the essential equilibrium of the entire ecosystem. Substantiated evidence unequivocally demonstrates that even a solitary polymicrobial inoculation can engender favorable consequences for agricultural productivity (Bargaz, Lyamlouli, et al., 2018). See the results of an experiment in the cover picture above. Acknowledging the profound significance of soil microbial biodiversity for both plant life and humanity, the next imperative step is to harness this invaluable resource to enhance crop production, elevate human well-being, and concurrently foster environmental sustainability—paving the way for a promising agricultural future. Recycled nutrients, as defined by the Food and Agriculture Organization (FAO, 2019c), encompass plant nutrients that are initially applied to and absorbed by growing plants but can subsequently be reintegrated into the nutrient cycle. Source of these nutrients are materials that come from various sources, including wastewater, algae biomass, aquatic plants, sewage sludge, biosolids, animal manure, urban wastes, composts, vermicompost, biochar, inorganic or organic byproducts such as struvite, ammonium sulfate, and residues from food, agroindustry and on. The reintegration can occur through various means, including their use as byproducts of food processing, their presence in plant residues returned to the soil, or their incorporation into the human or animal food chain. The overarching goal is to promote circular economy objectives by closing the life cycles of fertilizer products and minimizing waste. Using recycled nutrients holds great potential for enhancing plant growth and yield. Studies indicate that the performance of crops nourished by recycled nutrients can be on par with, or even surpass, that of conventionally applied fertilizers. However, it is imperative to exercise caution in their application to ensure environmental sustainability. This entails meticulously eliminating undesirable contaminants, such as heavy metals, from recycled nutrient sources (Saliu & Oladoja, 2021). An essential facet of responsible resource utilization is recycling edible food materials. This approach aligns with social responsibility objectives and directly impacts the availability of feedstock for utilization processes. Economically driven motivations are expected to stimulate the processing of more edible food fractions, possibly through biorefineries, to yield high-value products. On the other hand, the inedible fraction of food waste can be efficiently directed toward recycling processes, where it can be effectively transformed into new products (Pleissner, 2018). Figure 1: Compost of animal and vegetal waste, treated with decomposing microbes The transition towards a circular nutrient economy necessitates formulating and implementing policy measures that encourage the production and utilization of composts and digestates. These policies should aim to minimize inefficient nutrient use, stimulate demand for recycled fertilizers, and provide logistical support for biomass processing. In the interim period before markets for recovered resources are fully established, public and private investments, technological advancements, and institutional adaptations are pivotal in creating conditions conducive to the profitable and safe production and consumption of recycled nutrients (Valve, Ekholm, & Luostarinen, 2020). This concerted effort towards sustainable nutrient management and circular economy principles holds promise for addressing contemporary agricultural and environmental challenges while promoting responsible resource utilization. Indeed, the utilization of microbial treatments, including probiotic products for plants and enzymes, represents a significant agro trend with the potential to reduce our reliance on chemical fertilizers and enhance circular agriculture and sustainability. This emerging field capitalizes on the multifaceted capabilities of underground biodiversity to revolutionize how we do agriculture. Introducing microbial populations with the capacity to facilitate nutrient recycling and stimulate plant growth promises to boost soil fertility and augment crop resilience against both biotic and abiotic stresses. One of the key players in this arena is the concept of” Multifunctional microbial consortia.” These consortia consist of Plant Growth-Promoting Microbes (PGPMs) with diverse functions, encompassing bio-waste decomposers, nitrogen-fixing bacteria, phosphorus-solubilizing microorganisms, and antagonists against phytopathogens. Such microbial communities play a pivotal role in elevating agricultural productivity and bolstering the sustainability of food supply chains: they offer the potential to create new, sustainable, high-quality food products. By leveraging the synergistic interactions between these PGPMs and bio-effectors, agriculture benefits from improved soil health, optimized circular nutrient utilization, and enhanced crop performance. Moreover, this approach aligns with the broader goals of sustainable agriculture by minimizing the environmental footprint associated with agricultural inputs such as chemical fertilizers and pesticides. In summary, adopting microbial treatments is a critical factor for both plant life and humanity because underground biodiversity heralds a promising future for circular, sustainable, and quality agricultural outputs. By harnessing the potential of multifunctional microbial consortia, we can work towards ensuring our food supply chains’ resilience and long-term viability while reducing the environmental impact of conventional agricultural practices. Consider sustainable agriculture and agrofuture! Bargaz, A., Lyamlouli, K., Chtouki, M., Zeroual, Y. & Dhiba, D. 2018. Soil microbial resources for improving fertilizers efficiency in an integrated plant nutrient management system. Frontiers in Microbiology, 9: 1606. https://doi.org/10.3389/fmicb.2018.01606 Saliu, T.D. & Oladoja, N.A. 2021. Nutrient recovery from wastewater and reuse in agriculture: a review. Environmental Chemistry Letters, 19(3): 2299–2316. https://doi.org/10.1007/s10311-020-01159-7 Pleissner, D. 2018. Recycling and reuse of food waste. Current opinion in green and sustainable chemistry, 13: 39–43. https://doi.org/10.1016/j.cogsc.2018.03.014 Valve, H., Ekholm, P. & Luostarinen, S. 2020. The circular nutrient economy: needs and potentials of nutrient recycling. Chapters, pp. 358–368. Edward Elgar Publishing. https://ideas.repec.org/h/elg/eechap/18519_27.html Contents from FAO, 2022. Soils for nutrition: state of the art. Rome. https://doi.org/10.4060/cc0900en circular agriculture Circular economy recycled nutrients soil health soil microbiome sustainable nutrient management"
https://wikifarmer.com/nano-dap-benefits-concerns-and-methods-of-application/,10/19/2023 20:03,"Komal Swami What is Nano DAP? Benefits of Using Nano-DAP Concerns about using Nano DAP Recommended Doses and Methods of Application What is the difference between DAP and Nano DAP? Dosages of Optimal Nano DAP Types of Treatment for Nano DAP Methods of Application for Nano DAP Co-author: Ganesh Saini “Nano DAP – where innovation meets efficiency, empowering you to achieve more with less.” For all crops, Nano DAP is a reliable source of readily available nitrogen (N) and phosphorus (P2O5), and it aids in addressing nitrogen and phosphorus deficiency issues in standing crops. The Nano DAP formulation has phosphorus (16.0% P2O5 w/v) and nitrogen (8.0% N w/v). Nano DAP (Liquid) is a unique Nano fertilizer that was approved by the Government of India under FCO (1985) on March 2, 2023. It is an indigenous and non-subsidized fertiliser with a nutrient utilization efficiency greater than 90% under ideal field conditions. The advantage of Nano DAP in terms of surface area to volume is due to its particles being less than 100 nm in size. It may easily access the seed surface, stomata, and other plant openings because to this special characteristic. Higher seed vigor, more chlorophyll, greater photosynthetic efficiency, and higher quality seeds result from enhanced Nano DAP absorption and spreadability within the plant system. DAP is a commonly used phosphate-based fertilizer made by reacting Ammonia with Phosphoric acid, which contains Nitrogen and Phosphorus. Nano-DAP is a new type of fertilizer that uses nanoparticles to deliver these nutrients. It has been designed to be more efficient, reduce costs, and be more sustainable for agriculture. DAP (Diammonium Phosphate) and Nano DAP (Nanotechnology-based Diammonium Phosphate) are both fertilizers used in agriculture, but they differ in terms of their particle size and potential benefits. Particle Size: Usage: Efficiency and Uptake: Environmental Impact: The use of nano-DAP has various advantages: Nano-DAP can also be combined with other nano-fertilizers like as nano-urea, nano-potash, nano-zinc, and nano-copper to increase agricultural benefits. While there are certain advantages to employing nano-DAP, some drawbacks are: The appropriate dosage of Nano DAP is determined by several parameters: Application of Nano DAP liquid as seed or root treatment followed by one to two foliar sprays at critical growth stages can result in 50-75% reduction of conventional DAP application crops. Seed Treatment: This could be used at 3-5 ml per Kg (0.03-0.07 oz/lb) of seeds by dissolving in the required quantity of water to form a thin film on the seed surface. Leave for 20-30 minutes; Shade dry it and sow it. Seedling/Tuber/Sett treatment: Could be applied at 3-5 ml per liter of water. Dry it in the shade and then transplant it. Foliar Spray: This could be used at 2-4 ml per liter of water at a good foliage stage. An additional spray at the pre-flowering stage can be applied in long during and high phosphorus-requiring crops. Apply 2nd Foliar spray at the Pre-Flowering / Late Tillering stage for better response in high phosphorus-requiring crops. (*One Cap of Nano DAP Bottle= 25 ml) Nano DAP (Liquid): It can be used at 250 ml – 500 ml per acre (0.6 to 1.2 l per hectare) per spray. Knapsack Sprayers: 2-3 caps (50-75 ml) (1.6-2.5 ounces) of Nano DAP liquid per 15–16-liter (3.9-4.1 gallon) tank; 8-10 tanks normally cover 1-acre crop area. Boom / Power sprayers: 3-4 caps (75-100 ml) (2.5-3.4 ounces) of nano DAP per 20–25-liter (5.2-6.6 gallon) tank; 4-6 tanks normally cover 1-acre crop area. Drones: 250 -500 ml (8-16 ounces) of nano DAP liquid per tank of 10–20 liter (2.6-5.2 gallon) volume to cover a 1-acre area. https://www.iffco.in/en/world-s-first-nano-DAP-liquid-fertiliser-dedicated-to-the-nation fertilizers Nano DAP"
https://wikifarmer.com/category/industry-news/,10/19/2023 20:03,"Industry News Sunflower oil searches rise by 450% and has also lured Olive Oil searches to increase in March Quick Survey Marketplace Advertise in a Global Platform Using technological solutions to improve Smallholders Farmer’s Access to Agricultural Inputs in Mozambique Why Century Old Wheat Has Been A Subject To Global Food Security? Climate Change: A 1°C increase in global temperature can result in a 6.4% reduction in the amount of […] Co-author: Ganesh Saini “Nano DAP – where innovation meets efficiency, empowering you to achieve more with less.” For all crops, Nano DAP is a reliable source of readily available nitrogen […] Sunflower oil searches have been booming recently, according to Wikifarmer.com, that published its research on searches conducted on its platform. More specifically, people looking to buy sunflower oil conducted more […] Answer this 1-minute survey and help us better understand our audience’s needs and help farmers more efficiently! Help us build the future of agriculture! Answer this 1 minute survey and earn great rewards! Help us build the future of agriculture! Submit your input here and get free advertising space to showcase your current and […] Promote your brand and business to millions of farmers from all around the world Reach a very niche audience massively in a native and effective way. Contact us for more details […] About 80% to the country’s GDP, with approximately 4 million farm units and responsible for approximately 95% of labour force at national level, the Smallholder Farming sector is fairly homogenous. […]"
https://wikifarmer.com/which-are-the-primary-reasons-that-hampered-global-wheat-production-and-supply/,10/19/2023 20:03,"Ganesh Saini Why Century Old Wheat Has Been A Subject To Global Food Security? According to Rothamsted Research, the persistent and increasing global demand for wheat, a staple food for approximately 3 billion people, is anticipated to rise by 60% by 2050. Wheat, the most widely cultivated cereal worldwide, contributes significantly to human diets by providing approximately one-fifth of calories and protein. Ensuring economic and reliable wheat production is vital for global food security and political stability. We need crops that are able to survive in more marginal areas – places with hot and dry climates. The old varieties have some of those qualities that we have lost in our current wheat varieties and are required to get it back, which could be done through traditional plant breeding, genetic modification, or gene editing. Wheat is almost older than farming itself. Its three ancestral grass species thrived long before the emergence of modern humans in Africa approximately 200,000 years ago. These grass species had already initiated the exchange of their genetic material by the time the earliest farmers, located in the eastern Mediterranean around 10,000 BC, began practicing selective cultivation. This cultivation aimed to identify and propagate more resilient and productive wheat varieties. Scientists at John Innes Centre (Research Centre of Excellence in Plant Science, genetics and Microbiology based in Norwich) took some older varieties from 100 years back and underwent breeding with modern ones to have a new variety with disease resistance, stress resistance, increased yield, increased fertilizer-use efficiency. Thus, rediscovering and modifying the old lost varieties could be the best way to move forward with the wheat scarcity crisis. https://www.fao.org/fileadmin/templates/wsfs/docs/Issues_papers/HLEF2050_Global_Agriculture.pdf D.S. Shrestha, B.D. Staab, J.A. Duffield, Biofuel impact on food prices index and land use change, Biomass and Bioenergy, Volume 124, 2019, Pages 43-53, ISSN 0961-9534, https://www.sciencedirect.com/science/article/abs/pii/S0961953419300911 wheat production"
https://wikifarmer.com/market/en/about-us/,10/19/2023 20:03,"WHO WE ARE OUR MISSION MY CART PROFILE Account Sellers PRODUCTS Menu Catalog Need Help? Wikifarmer Library Wikifarmer MarketPlace Creating a more transparent and fair ecosystem Fighting Climate Change Enhancing Agricultural Trade Didn't find what you were looking for? Career Contact us SELLER BUYER COMPANY FOLLOW US Contact us in order to help you find the right product for your business. Sign in using your social account: Wikifarmer is a global platform with the mission to empower farmers through educating them and offering them direct access to the commercial markets to sell their products at fair prices. Learn from the biggest, open Library for farmers globally Most farmers in the world still cultivate their fields with techniques learnt by experience or taught by their ancestors, leading to non-optimum practices in terms of yield and environmental impact. As a result we decided to publish thousands of articles with agricultural best practices and how-to guides with the contribution of thousands of farmers, agronomists and experts, making all the material freely accessible to all farmers in the world in more than 15 language versions. We believe that all farmers should have access to relevant educational material, the latest scientific-technological advances, and practical manuals that can help them upgrade their production and income in a sustainable way. Our effort has been recognized by the International Food and Agriculture Organization (F.A.O.) of the United Nations by characterizing Wikifarmer’s Library as “The Wikipedia of Farming.” Access the local and global agricultural markets through Wikifarmer MarketPlace Farmers produce the most valuable part of the food supply chain, but they are the ones getting the least value out of it. Farmers can now increase their potential clientele, sell all of their stock, reduce their wastage, and all of that at better prices, increasing their profitability by up to 300%. Higher profitability for farmers means more investments in their production capabilities, higher employment, and more sustainable farming. Wikifarmer Marketplace enables thousands of farmers across several countries to create more distribution channels for their products, gain direct access to thousands of businesses and reduce their dependence on intermediaries with no value. Our vision is to create a fair, transparent, and rewarding environment for all people involved in Agriculture, by connecting the Producers directly with the Buyers, avoiding the unnecessary large commissions paid in the food value chain until today, and forcing transparency, accountability, security, and reliability to every transaction. Farmers and Producers dedicate their lives to their crops but get the lowest value of the total sales cycle, so we believe they should get a fair share. Helping farmers learn modern and sustainable best practices and at the same time aiding them to get a larger value out of the supply chain is something that can become the main driver towards a more sustainable agricultural world. Farmers can increase their yields while at the same time they can use practices that can benefit the environment. In addition to that, higher producers' profitability means further investment in technology, new techniques, and equipment which in the longer term will have a very positive income to our world. We are here to connect all the dots and facilitate agricultural trade and commerce locally, regionally, and globally. The only way that all the agricultural bottlenecks can be broken and surpassed is through digitization and the creation of a digital ecosystem that connects all the necessary parties together (producers, buyers, logistics, quality assurance partners, financing, and insurance providers). Our mission is to enable and enhance the creation of such an ecosystem. 16.2Μ Unique users worldwide 16 Languages 16800+ Products 10.000+ Producers At Wikifarmer, we feel proud of what we do. Browse our job openings and discover how you can be part of a purpose-led organization that improves the lives of millions of people around us. More Wikifarmer is a worldwide collaboration with the mission of empowering and educating farmers across the world. Together we can help every producer across the globe enjoy free access to knowledge, market, practices and experiences. Do not hesitate to contact us for any clarification or customer support issue. Email: info@wikifarmer.com Add your phone number and we will call you in order to help you find the right product for your business. LIBRARY Near Me My cart Cart is empty Profile Create a Product Request Orders Saved Products Ask for an Offer Talk to us List your Products Product Requests How it works Frequently Asked Questions Olive Oil Honey Fresh Fruits Fresh Vegetables Fish and Seafood Meat Products Nuts, Seeds and Superfoods Packaged Juices - Non Alcohol Drinks - Water Alcohol Products Dairy Products Coffee Legumes Truffle - Truffle Products Beauty Products Soaps Flowers Snails and Snail Products Other Products Back All Extra Virgin Olive Oil Virgin Οlive Οil Olive Pomace Oil Other Olive Oil Thyme Honey Flower Honey Forest Honey - Pine Honey Orange Honey Oak Honey Heather Honey Other types of Honey Propolis Pollen Royal Jelly Apples Apricots Avocados Bananas Berries Cherries Exotic Fruits Figs Grapes Kiwis Lemon Lime Mango Melons Nectarines Oranges Peaches Pears Persimmons Pineapples Pomegranates Strawberries Tangerine Watermelons Other Citrus Other Fruits Artichokes Asparagus Beans Broccoli Cabbage Carrots Cauliflower Chickpeas Cucumbers Eggplants Endive Fresh Mushrooms and Mushroom Products Garlics Green Salads Iceberg Leek Lettuces Onions Peppers Potatoes Pumpkins Radishes Rocket Squash Sweet Potatoes Tomatoes Turnips - Kohlrabi Fresh Vegetable Salads Fresh Herbs, Spices and Leafy Vegetables Other Vegetables Walnuts Almonds Chestnuts Pistachios and Peanuts Hazelnuts and Cashews Dried Fruits Superfoods - Raisins - Dried Figs Other Nuts Pasta Dried Herbs - Teas - Decoctions Olives Olive Products Essential Oils Sweets and Marmalades Flour & Baking Products Canned Mushrooms and Mushroom Products Eggs Sunflower Oil Fats and Oils Other Packaged Products Wine Beer Liquor - Cognac - Bitter Other Alcohol Products Milk Yogurt Butter Cheese Other Dairy Products Blue Cheese Cream / Spread Cheese Edam Feta PDO Grana Padano PDO Mozzarella Other Cheese Other PDO/PGI Cheese Parmigiano Reggiano PDO White Cheese +30 690 88 36 813 wIkIfarmer Market"
https://wikifarmer.com/papaya-interesting-facts-nutritional-value-and-health-benefits/,10/19/2023 20:03,"Nutritional value of papaya Health Benefits of Papaya Fun facts about papaya How many calories does papaya have? Is papaya healthy? One small papaya fruit of around 157 grams has: Papaya is famous not only for its nice taste but also for its medical properties. The papaya fruit and its juice have antioxidants and anti-inflammatory activities that can boost the immune system and protect the organism from cardiovascular and neurological disorders. Similarly, the leaves, the fruits, and the seeds have antimicrobial properties. The green fruit and leaves are used in cosmetics as they contain papain (a thiol proteasis) and other enzymes. Papaya is beneficial for skin care and repair. Papaya contains vitamin A, which accelerates the formation of new cells and protects the external layers of the skin. The fruit is also very rich in vitamin C, an antioxidant that builds capillary strength. Papaya is used in skin products for a natural ‘face lift’ and rejuvenation. It can benefit the skin by improving its texture (more smooth, soft, and resilient). Papaya reduces the signs of premature aging and eliminates dead skin cells. Papaya tea and fruit contain an enzyme that dissolves surface cell debris, making it a great facial peel. Beta-carotene protects the skin and provides elasticity. Morton, J. (1987). Papaya. Fruits of warm climates. Retrieved 2016, April 26 from Department of Horticulture and Landscape Architecture, Purdue University website: https://hort.purdue.edu/newcrop/morton/papaya_ars.html https://www.sciencedirect.com/book/9780857090904/postharvest-biology-and-technology-of-tropical-and-subtropical-fruits https://www.sciencedirect.com/referencework/9780123849533/encyclopedia-of-food-and-health https://edepot.wur.nl/10209 https://beeaware.org.au/pollination/pollinator-reliant-crops/papaya/ https://fdc.nal.usda.gov/fdc-app.html#/food-details/169926/nutrients https://www.wifss.ucdavis.edu/wp-content/uploads/2016/10/Papayas_PDF.pdf https://www.wwps.org/images/departments/nutrition_services/fruitsandveggies/papaya_fs.pdf Papaya is a popular exotic fruit with a sweet melon-like taste. Its scientific name is L. It belongs to the family and is the most economically important fruit of the family. While sometimes the names papaya and pawpaw are used as synonyms (e.g. in Australia), there is also another distinct plant that is called pawpaw ( Asimina triloba ) and is different than papaya. Papaya is native to Central America and Mexico (tropical regions); pawpaw is mainly found in North America. Other common names of papaya are “tree melon”, malakor, loko, ma kuai thet (Thai), and du du (Vietnamese). While it is considered a tree, it is actually a herbaceous plant. Papaya fruit is a berry. The color of the fruit may vary from vivid orange to light yellow. The shape of papaya fruit varies from elongated-oval to roundish or pyre-shaped and can weigh between 1 to over 3 kg. Farmers like the papaya plant because it grows fast and can produce fruits within a very short period of time. Each fruit has on average 100-500, medium-size, black, round seeds gathered at its center. It is considered a delicious, healthy fruit rich in antioxidants, vitamins A, B, and C. Different parts of the plant, like the fruit, the roots, the leaves, and the stems, have been used for medical purposes for boosting the immune system. The ripe papaya fruit can be consumed raw, sundried, as a jam, canned, or as juice. In some cases, the unripe fruits can be processed and picked. In some regions, the papaya seeds are used to extract the oil they contain or as a substitute for black pepper. The unripe, immature fruit of papaya is rich in white milky latex. The biggest commercial producers of papayas are India, Brazil, Indonesia, Nigeria, and Mexico. Papaya is the 4th most traded tropical fruit. The first 3 are bananas, mangoes, and pineapples. 67.5 kcal (energy) 138 g water 0.74 h protein 2.67 g fibre 31.4 g calcium (Ca) 33 mg Magnesium 268 mg potassium 12.6 mg Sodium (Na) 95. 6 mg Vitamin C (more that 100% of the recommended dietary allowance (RDA)) 73.8 μg Vitamine A 430 μg B-carotene Morton, J. (1987). Papaya. Fruits of warm climates . Retrieved 2016, April 26 from Department of Horticulture and Landscape Architecture, Purdue University website: https://hort.purdue.edu/newcrop/morton/papaya_ars.html interesting facts papaya health benefits papaya nutritional value"
https://wikifarmer.com/papaya-plant-information/,10/19/2023 20:03,"James Mwangi Ndiritu The physiology of papaya/papaw plant Papaya Fruit characteristics Environmental Governance and Management, Agribusiness consultant The papaya (Carica papaya L.) is the most economically important fruit in the Caricaceae family and the 4th most traded tropical fruit after banana, mango, and pineapple. Papaya has won consumers thanks to its great taste (melon-banana-like sweet taste), high nutritional value, and health benefits. It is a small (12-20 feet tall) deciduous tree-form and pyramidal-shaped shrub with a quick growth rhythm. It is a fast-growing with short life with a single straight or sometimes branched stem reaching 2-10 m height, which is a cylindrical spongy-fibrous, loose, hollow, gray or gray-brown color, 10-30 cm diameter and toughened by large and protruding scars caused by fallen leaves and flowers. The fruit is 4 to 5 inches long with smooth custard and light yellowish to orange flesh. The fruit is usually eaten fresh but may also be used for making custard pies and preserves. Each plant usually bears around 15-20 leaves. The leaves are alternate, spirally arranged, bundled at the apex between the stem and branches. The size of papaya leaves is around 50 to 70 cm wide and up to 90 cm long. They are smooth, moderately palm-shaped, with thick middle irradiant veins. Papaya leaves have a life cycle of 6 to 8 months. The plants have different flowers that influence pollination and fruit set, which may be classified into three primary sex types: 1) Male (staminate), 2) Hermaphroditic (bisexual), 3) Female (pistillate). Some papaya plants can produce, at the same time, more than one kind of flower. Some produce flowers that are not of these basic forms but exhibit different degrees of maleness and femaleness. This tendency to change in sexual expression seems triggered by climatic factors, such as drought and variable temperatures. The tendency to produce male flowers seems to increase at high temperatures. Since male trees are unfruitful and fruit from bisexual plants is preferred in some markets, selecting seeds that will give a maximum number of fruitful trees of the desired type is essential. This cannot be done by simply saving seeds from productive open-pollinated plants, but one can predict pretty accurately the gender by knowing the source of pollen and the kind of flower the fruit came from. The commercial grower must learn how to hand pollinate to obtain the desired combination of flower types. This is done by covering an unopened flower, either bisexual or pistillate, with a paper bag until it opens and transferring the desired pollen onto the receptive pistil. Pollination studies have shown that: 1) Pistillate flowers pollinated by staminate flowers give equal numbers of male and female plants; 2) Pistillate flowers pollinated by pollen from bisexual flowers give an equal number of female and bisexual plants, 3) Bisexual flowers either self or crossed-pollinated with other bisexuals, give a ratio of one female to 2 bisexual, 4) Bisexual flowers pollinated by staminate ones produce equal numbers of female, male, and bisexual progeny. The second and third combinations will produce the maximum number of fruit-bearing plants. Flowers: Six types of flowers are known in the papaya plant. In nature, papaya plants have male and female flowers found on separate plants. Male flowers are physically different from female flowers. Male inflorescences are borne in many-flowered panicles, or pendent stalks up to 1 m long. The flowers are yellowish, 2-4 cm long. The petals are fused into a long tube, have 10 fertile stamens, and a rudimentary, non-functional ovary. Female inflorescences are much shorter, only 3-4 cm long, and have fewer flowers. Female flowers are larger, usually white or cream in color, with five free petals. There are no stamens but a large ovary with 5 fan-shaped stigmas. NOTE: Environmental factors influence sexual expression, and the sexuality of a plant may change seasonally or over the course of its lifetime. Female flowers have a calyx formed by a crown or five-pointed star that is easily differentiated. On top of the calyx, the ovary is located by five yellowish sepals (when young, they show a purple coloration and are lost. There are five round-shaped yellow stigmas. Fruits from this flower are usually large and balloon-like. Male flowers grow along peduncles measuring over half a meter in length, and at the end, there are bundles formed by 15-20 small flowers. These flowers are constituted by a long tube formed by fused petals, inside which there are 10 anthers arranged in two sets of five. The flower has a small rudimentary pistil and has no stigmas. No fruit is usually produced; if formed, these are elongated and of low quality. The fruit exhibits a melon or pear-like appearance, with an oval to nearly round or elongated, club-shaped form, measuring 15-50 cm long and 10-20 cm thick. It can weigh up to 9 kg. The fruit’s skin is characterized by its waxy and thin texture, which is relatively tough. The fruit contains a substantial amount of white latex in its unripe, green state. The outer surface transforms into a light or deep-yellow hue as it matures. At the same time, the thick layer of succulent flesh develops an aromatic profile, showcasing shades of yellow, orange, or even varying tones of salmon or red. At this stage, the fruit becomes juicy slightly sweet, with a flavor reminiscent of a cantaloupe, and in some varieties, it can have a distinct musky quality. Each fruit encloses, on average, 100-500 black, round, corrugated, black, peppery seeds lightly attached to the fruit’s wall through soft, white, fibrous tissue. Cultivars There are many strains and varieties of papaya fruit, and the variation in size, form, and color is great. Because of its complex genetic makeup, there are few, if any, true cultivars of papaya that are as uniform in horticultural characters as the cultivars of other herbaceous crops. When seed results from open pollination, in most cases, it is impossible to obtain selections that are reasonably uniform in flower type and fruit characteristics. Though there may be a lack of recognized cultivars, growers can maintain satisfactory strains by controlled pollination of selected plants. Parent plants should be carefully selected for early and heavy fruit production and should have fruit of desirable shape and size. For Further reading How to cultivate papayas for profit – Complete papaya production guide Papaya Plant Major Pests, Diseases and Weed Management https://gsconlinepress.com/journals/gscbps/sites/default/files/GSCBPS-2021-0073.pdf https://edis.ifas.ufl.edu/publication/MG054 https://biosafety.icar.gov.in/wp-content/uploads/2016/10/3_Biology_of_Carica_papaya_Papaya.pdf https://journals.ashs.org/hortsci/view/journals/hortsci/55/11/article-p1861.xml Carvalho FP. Agriculture, pesticides, food security and food safety. Environ Sci Policy. 2006; 9(7–8):685– 92. FAO. Food and Agriculture Organization of the United Nation. Sustainable Food Systems. Concept and Framework. 2018. Kuhfuss L, Préget R, Thoyer S, Hanley N (2016) Nudging farmers to enrol land into agri-environmental schemes: the role of a collective bonus. Eur Rev Agric Econ 43:609–636. Lamichhane JR, Dachbrodt-Saaydeh S, Kudsk P, Messéan A (2015) Toward a reduced reliance on conventional pesticides in European agriculture. Plant Dis 100:10–24. Le Gal P-Y, Dugué P, Faure G, Novak S (2011) How does research address the design of innovative agricultural production systems at the farm level? A review. Agric Syst 104:714–728. Lechenet M, Bretagnolle V, Bockstaller C et al (2014) Reconciling pesticide reduction with economic and environmental sustainability in arable farming. PLoS ONE 9:e97922. Lefebvre M, Langrell SRH, Gomez-y-Paloma S (2015) Incentives and policies for integrated pest management in Europe: a review. Agron Sustain Dev 1:27–45 Lesur-Dumoulin C, Malézieux E, Ben-Ari T et al (2017) Lower average yields but similar yield variability in organic versus conventional horticulture. A meta-analysis. Agron Sustain Dev 37:45. Liu B, Li R, Li H et al (2019) Crop/weed discrimination using a field imaging spectrometer system. Sensors 19:5154. MacMillan T, Benton TG (2014) Agriculture: engage farmers in research. Nat News 509:25. Mahlein A-K (2015) Plant disease detection by imaging sensors – parallels and specific demands for precision agriculture and plant phenotyping. Plant Dis 100:241–251. Maria K, Maria B, Andrea K (2021) Exploring actors, their constellations, and roles in digital agricultural innovations. Agric Syst 186:102952. Mariotte P, Mehrabi Z, Bezemer TM et al (2018) Plant–soil feedback: bridging natural and agricultural sciences. Trends Ecol Evol 33:129–142. Martinelli F, Scalenghe R, Davino S et al (2015) Advanced methods of plant disease detection. A review. Agron Sustain Dev 35:1–25. Sapkota, T.B.; Mazzoncini, M.; Bàrberi, P.; Antichi, D.; Silvestri, N. Fifteen years of no till increase soil organic matter, microbial biomass and arthropod diversity in cover crop-based arable cropping systems. Agron. Sustain. Dev. 2012, 32, 853–863. Muller, A.; Schader, C.; Scialabba, N.E.H.; Brüggemann, J.; Isensee, A.; Erb, K.; Smith, P.; Klocke, P.; Leiber, F.; Stolze, M.; et al. Strategies for feeding the world more sustainably with organic agriculture. Nat. Commun. 2017, 8, 1290. Seufert, V.; Ramankutty, N.; Foley, J.A. Comparing the yields of organic and conventional agriculture. Nature 2012, 485, 229–232. Tal, A. Making conventional agriculture environmentally friendly: Moving beyond the glorification of organic agriculture and the demonization of conventional agriculture. Sustainability 2018, 10, 1078. The papaya ( Carica papaya L.) is the most economically important fruit in the Caricaceae family and the 4th most traded tropical fruit after banana, mango, and pineapple. Papaya has won consumers thanks to its great taste (melon-banana-like sweet taste), high nutritional value, and health benefits. It is a small (12-20 feet tall) deciduous tree-form and pyramidal-shaped shrub with a quick growth rhythm. It is a fast-growing with short life with a single straight or sometimes branched stem reaching 2-10 m height, which is a cylindrical spongy-fibrous, loose, hollow, gray or gray-brown color, 10-30 cm diameter and toughened by large and protruding scars caused by fallen leaves and flowers. The Each plant usually bears around 15-20 . The leaves are alternate, spirally arranged, bundled at the apex between the stem and branches. The size of papaya leaves is around 50 to 70 cm wide and up to 90 cm long. They are smooth, moderately palm-shaped, with thick middle irradiant veins. Papaya leaves have a life cycle of 6 to 8 months. Six types of flowers are known in the papaya plant. a) It is a rather large flower of conical shape when closed; when open, its five petals spread from the base. The ovary is large and circular and smooth or slightly raised. Fruits produced by this flower are spherical or oval. b) Similar to the above, when closed, this type has five short anthers, which correspond in their orientation with the five petals that also spread from the base. The ovary has five deep longitudinal grooves that remain until maturity. Fruit develop a form from globular to egg-shaped. c) The organization is undefined; petals may be fused up to two-thirds of their length or free from the base. The number of anthers ranges from two to ten. This type of flower produces an irregularly shaped fruit known as a cat face with little commercial value. These flowers appear more frequently when prevailing temperatures are 24.5 °C during the day and 15.5 °C at night. d) Petals of this type of flower are fused from one-fourth to three-fourths of their total length; ten anthers are observed, five long and five short. The ovary is long, and the form of the fruit varies from cylindrical to pear-shaped. From the different types of hermaphrodite flowers, this is the most commercially important papaya flower. e) It is a flower that resembles the one in (d) but does not develop an ovary, and hence, it is sterile due to warm temperatures or water stress. Due to the fact that it produces pollen only, it may be considered a functional male flower. f) . This type of flower has a long and thin corolla containing anthers in two series of five, one series longer than the other. They have a pistil, no stigma, and are non-functional. papaya"
https://wikifarmer.com/category/exotic-fruits/papaya/,10/19/2023 20:03,Papaya plant Fun facts about papaya Papaya is a popular exotic fruit with a sweet melon-like taste. Its scientific name is Carica papaya L. It belongs to the Caricaceae family and is […]
https://wikifarmer.com/recent-articles/,10/19/2023 20:03,"Recent Articles Greenhouses play a vital role in modern agriculture, allowing for year-round cultivation and protection of crops from adverse weather conditions. In Greece, the most important greenhouse crops in terms of […] Papaya Grading Pre-grading: Fruits that fail to meet export specifications should be removed before the washing and decontamination stages and packed later or in a different packing line. Failed fruit […] Yield of papaya – How much a papaya plant can yield? Agricultural statistics indicate an average yield of 30 tonnes per hectare, but high variability exists depending on the country […] Papaya Pests and Diseases Papaya plant Major Pests Papaya Fruit Fly (Toxotrypana curvicauda): The larvae of this fly devour papaya seeds and their interior tissues. Particularly menacing is the wasp-like […] Papaya Cultivation Guide for Profit The importance of papaya in the global market – Which are the top papaya producer countries? Papayas rank as the fourth most traded tropical fruit […] Water requirements and Irrigation of Papaya Watering is essential for achieving the best plant growth and fruit production. The soil should have good drainage. Papaya plants are very sensitive to […] How to propagate papaya plants Papaya is mainly propagated by seed. Tissue culture and rooted cuttings are practiced to a limited extent. The parent plants determine the sex of the […] Planning and Planting Papaya Planning a successful papaya cultivation requires careful consideration of several key factors and conditions. Before Planting, it is important to carefully examine the field’s soil type, […] The physiology of papaya/papaw plant The papaya (Carica papaya L.) is the most economically important fruit in the Caricaceae family and the 4th most traded tropical fruit after banana, mango, and pineapple. Papaya […] Alternative Proteins Soil and Water conservation Pest and Disease Management in Agriculture Aquaculture Sustainable Plant Nutrient Management"
https://wikifarmer.com/what-is-crop-residue-management/,10/19/2023 20:03,"Minnesota Soil Health Coalition Non-profit organization Crop residues are materials left in an agricultural field after the crop has been harvested. These residues include stalks and stubble (stems), leaves, and seed pods. Good management of field residues can increase the efficiency of irrigation and control of erosion. This residue can be managed biologically through soil health practices such as no-till, strip-till and cover crops. Healthy soil will break down the residue and crops can be planted directly into the soil through the residue. More information: https://mnsoilhealth.org/technical-information/ crop residue management crop residues"
https://wikifarmer.com/how-to-raise-goats/,10/19/2023 20:03,"Goat Raising Basics – Introduction to Goat Farming This post is also available in: polski (Polish) Similarly to any other crop or livestock activity, if you possess the triangle “Land – Time – Energy”, then you can feel the joy of raising your own goats in your backyard. Regardless of whether you raise goats for their milk, for their meat or as pets, goat farming can be a major source of enthusiasm. It can also provide excellent dairy products and income, if done rationally and on a scalable basis. The first year of involvement is always introductory and one can make the necessary first steps as well as projections for a bigger investment (in time and money) for the following years to come. In 3-4 years, if you really enjoy keeping goats and you see results, you can extend your livestock activity and do it semiprofessionally, maybe at a more proper establishment than your backyard. Needless to say that commitment is the number one skill you must have. Goat or any other livestock cannot be left unattended for over a day. Thus, if you consider leaving let’s say for a weekend, you must find a reliable farm sitter to take care of your livestock. Managing livestock means caring, monitoring, feeding, cleaning, and troubleshooting 365 days a year. Furthermore, especially the dairy goats (on the milk side) must be milked twice a day; otherwise you put their health in danger. The average goat lives 10-13 years, but can reproduce (and produce milk) from 1-1,5 until 7-9 years old. There are -of course- striking exceptions to these age limits. 1.) How to raise Goats 2.) Housing Goats – Building the Goat Farm 3.) How to select Goats for milk or meat 4.) How to feed Goats 6.) Taking Care of Goats 7.) Goats Manure Production and Waste Management 8.) Q&As on Goats Do you have experience in Goat Farming? Please share your experience, methods and practices in the comments below. All the content you add will be soon reviewed by our agronomists. Once approved, it will be added to Wikifarmer.com and it will influence positively thousands of new and experienced farmers across the world. polski (Polish) polski (Polish) goats livestock raising goats"
https://wikifarmer.com/category/goats/,10/19/2023 20:03,"Goats How to feed Goats Taking Care of Goats Housing Goats – Building the Goat Farm Q&As on Goats Goat Manure Production and Waste Management Milking Goats and Dairy Goats Management How to select Goats for Milk or Meat What do Goats eat – Goats Diet Basics In general, goats love food variety. Goat is a natural explorer and loves to wander and search for food. The state […] Goats Care, Health and Well-Being Unfortunately, goats often suffer from various worms and parasites. It is good to deworm our goats often (get advice from your vet). In special shops […] How to house Goats We start by building our goat establishment well before we welcome our animals. As it happens in nearly all livestock activity, we need a shelter area, […] What are goats used for on a farm? Goats are primarily raised for milk and meat. Many people also raise goats as pets. Finally, a small portion of farmers train […] Keeping our farm clean is the key to raise healthy and thriving goats. We must daily remove their waste from the shelter, because they attract flies and insects. Goats waste […] Introduction to Goat Milking As stated above, the average goat can mate at an age of 1-1,5 years old (there are some striking exceptions to this rule). The pregnancy period […] Just like in pig farming, a common mistake of inexperienced farmers is that they often start raising just one goat. The goat is a very social animal, born to live […] Goat Raising Basics – Introduction to Goat Farming Similarly to any other crop or livestock activity, if you possess the triangle “Land – Time – Energy”, then you can feel […]"
https://wikifarmer.com/single-enzymes-uses-in-bakery-products/,10/19/2023 20:03,"Evita Achmadi What Are Single Enzymes’ Mechanisms and Applications in Bakery Products? What types of enzymes are commonly used in bakery products? How to Optimize Usage of Single Enzymes in Bakery Product? How are single enzymes used in bakery products? What is amylase in bakery products and what is the mechanism and application in bakery products? What is the protease and what is the mechanism and application in bakery products? What is lipase and what is the mechanism and application in bakery products? What is glucose oxidase and what is the mechanism and application in bakery products? Enzymes can be added individually or in the form of complex mixtures in small quantities that act synergistically, antagonists, or additives during production. Supplementation of flour and dough with enzyme improvers is carried out to standardize flour for bread making. Application of enzymes in bread making is added during the mixing stage as a technological or processing aid with cereals as a raw material. Cereal components are used as substrates by enzymes to change biomolecules’ major and minor structures to achieve the desired functional properties. The type of substrate on which the enzyme reacts is used as the basis for classifying enzymes. Enzyme classification deals with the chemical structure and main characteristics of carbohydrates, proteins, and lipids, which are added to the description of enzymes. This is suitable with the International Union of Biochemistry and Molecular Biology (IUBMB), which recommends the name of enzymes in bakery products and the EC number, which can be seen in Table 1. Table 1. EC number and recommended name of enzymes in bakery products by IUBMB Enzymes usage in bakery products was considered characteristic, functionality, and classification, which will affect the quality of baking, including processing and final result of bakery products, especially texture. Classification and type of enzymes often used in bakery products can be seen in Figure 1. Figure 1. Type of Enzymes Used in Bakery Product α- and β-amylase are enzymes naturally present in cereals. α-amylase is an endo-enzyme that catalyzes the breaking of amylose and amylopectin bonds inside several branches and linear fragments. These fragments are called dextrins. β-amylase is an exo-enzyme that produces maltose. Exoenzymes are enzymes released by cells that perform their duties outside of those cells, whereas endoenzymes are enzymes secreted by cells that perform their functions inside those cells. The mechanism and properties of amylase determine the formation of starch structure in bread, recrystallization of amylopectin, bond formation of starch, and redistribution of water that occurs in the manufacture and storage of bread. During bread storage, the gelatinized starch network gradually transforms into an amylopectin crystallites network. Along with the amylopectin retrogradation process, migration of water vapor occurs between crumb structures, and water is immobilized in amylopectin crystallites. This is a result of less flexible gluten connections, which increases crumb toughness and decreases resilience. Proteolytic enzymes refer to proteases, proteinases, and peptidases that catalyse the hydrolysis of peptide bonds in proteins, which means that they can affect the physical properties of gluten. Proteases can be divided into 2 subclasses, endoprotease and exoprotease. Endoprotease hydrolyses peptide bonds in the inner protein of the polypeptide chain, resulting in ‘small peptides’ and even free amino acids. Exoprotease cut the ends of protein chains to produce free amino acids and sometimes small peptides. The presence of proteases on the physical properties of have beneficial effects. Protease enzymes improve the volume and porosity of bread, minimize the need for kneading the dough, and use less energy during processing. During proteolysis, the enzymes break the connections between peptides (smaller protein fragments) and disassemble the globular structure of gluten. This modification explains why gluten becomes better at emulsifying during the hydrolysis process. The breakdown of peptide bonds facilitates the interaction between peptides and lipids, which enhances emulsifying properties of gluten. Thus, more peptide residues become available at the interface between oil and water. This causes a decrease in surface tension and increases emulsification activity. However, it is important to note that excessive proteolytic activity can lead to extensive degradation of gluten, which causes a decrease in the emulsifying capacity of the hydrolysates. Therefore the ability of gluten to form stable emulsions decreases. Lipase is a lipolytic enzyme that facilitates the breakdown of ester carboxylic bonds and produces free fatty acids, diglycerides (DAG), monoglycerides (MAG) and glycerol. In baking, lipase was able to modify the dough properties through gluten and starch modification. Lipases improve dough handling properties. Improvement of the dough properties is characterized by increased dough stability, maximum resistance to stretching and hardness, and reducing the degree of softness and stickiness. The way lipase works is by breaking down fatty acids in fats, making them more polar (water-loving) and increasing their ability to interact with other substances. This increase in surface activity is a functional effect of the lipase. When lipase breaks down fats, it produces substances like monoglycerides and diglycerides, which act as emulsifiers. These emulsifiers can form complex structures with amylose in flour. These complex inclusions with amylose contained in flour can increase the specific volume and toughness of bread, making it lighter and more chewy. Glucose oxidase (GOX) oxidizes glucose into other substances. GOX also oxidizes water-soluble proteins (albumin and globulin). GOX makes the dough surface dry so it is easy to work with, improving formation and separation in the finished product. In addition, it impacts the rheological properties of the dough. It enhances dough stability, making it more resistant to stretching and reducing its extensibility. These changes can be observed in tests like farinograph, extensograph, and alveograph. By adding GOX to the dough, it strengthens the structure of the dough, improves bread quality, and modifies gluten proteins. Lipoxygenase (LOX) converts unsaturated fatty acids into peroxy radical fatty acids. This reaction requires oxygen. LOX catalyzes the peroxidation of unsaturated fatty acids. The production of H2O2 forms disulfide bonds in the protein gluten. The effect of LOX on gluten and dough is related to lipid oxidation by LOX, thereby triggering co-oxidation of SH groups in flour. LOX increases dough resilience to overmixing and deformation, as well as characteristics that are influenced by moisture absorption. It is important to note that excessive amounts of LOX can negatively affect the optimal viscosity and characteristics of the dough. LOX affects the properties of the dough which affects dough stability and crumbs in bakery products (softer texture, elasticity, suitability for cutting) and brightens the product (baguettes, toast, sandwiches). Single enzyme application as a food additive and processing aid can be optimized by considering the characteristics, mechanism of action, and understanding of enzyme regulation which are widely used in the bakery industry. Enzymes in the processing of bakery products have their respective roles according to the specific characteristics of the enzymes. The main role of enzymes in bakery products is to improve the functional and rheological properties of the dough according to the variation and type of bakery products, improve the quality and characteristics of bakery products such as volume, crumb texture, color, and taste, and extend shelf life (anti-staling). Optimization of the role and function of enzymes can be carried out by validating the concept of enzyme quality through baking tests including formulation development, process parameters (dough rheology, dough handling in the machine, temperature, and baking speed) as well as product appearance and sensory characteristics. Baking test results can be utilized as a guide for performing research and development in an effective and efficient process phase, which also lessens trial and error in the production process. Continuous research and development is one way to explore the potential of food enzymes applied to bakery products. Further research is required to promote continual improvement of the following factors: Rosell, C. M. and C. Collar. 2008. Effect of various enzymes on dough rheology and bread quality. In Recent Research Developments in Food Biotechnology. Enzymes as Additives or Processing Aids, 165–183. Kerala, India: Research Signpost. Chandrasekaran, M. 2016. Enzymes in Food and Beverage Processing. CRC Press, USA. Goesaert, H., Slade, L., Levine, H., and Delcour, J.A. 2009. Amylases and bread firming – an integrated view. Journal of Cereal Science, 50: 345–352. Whitehurst, R.J. and van Oort, M. 2010. Enzymes in Food Technology, Second Edition. Blackwell Publishing Ltd, USA. Hsu, P. Y., and Benfey, P. N. 2018. Small but mighty: functional peptides encoded by small ORFs in plants. Proteomics, 18: e1700038. David, I. and Misca, C. 2012. The monitoring of enzyme activity of protease on the bread dough. Journal of Agroalimentary Processes and Technologies, 18 (3): 236-241. Wang, P., Zou, M., Tian, M., Gu, Z., and Yang, R. 2018. The impact of heating on the unfolding and polymerization process of frozen-stored gluten. Food Hydrocolloids, 85: 195–203. Salgado, C.A., dos Santos, C.I.A. and Vanetti, M.C.D. 2022. Microbial lipases: Propitious biocatalysts for the food industry. Food Bioscience, 45: 101509. Colakoglu, A.S. and Ozkaya, H. 2012. Potential use of exogenous lipases for DATEM replacement to modify the rheological and thermal properties of wheat flour dough. Journal of Cereal Science, 55: 397-404. Schaffarczyk, M., Østdal, H., and Koehler, P., 2014. Lipases in wheat breadmaking: Analysis and functional effects of lipid reaction products. J. Agric. Food Chem, 62: 8229-8237. Monie, A., David, A., Clemens, K., Malet-Martino, M., Balayssac, S., Perez, E., Franceschi, S., Crepin, M., and Delample, M. 2020. Enzymatic hydrolysis of rapeseed oil with a non-GMO lipase: A strategy to substitute mono- and diglycerides of fatty acids and improve the softness of sponge cakes. LWT – Food Science and Technology. Amiri, A., Shahedi, M., and Kadivar, M. 2016. Evaluation of physicochemical properties of gluten modified by Glucose oxidase and Xylanase. Journal of Cereal Science, 71: 37–42. Popper, L. and Losche, K. 2021. Understanding Baking Enzymes. Robert Wenzel. Hamburg, Germany Bonet, A., Rosell, C.M., Caballero, P.A., Gomez, M., Pe´rez-Munuera, I., and Lluch, M.A. 2006. Glucose oxidase effect on dough rheology and bread quality: A study from macroscopic to molecular level. Food Chemistry, 99: 408–415. Pourmohammadi, K. and Abedi, E. 2021. Enzymatic modifications of gluten protein: Oxidative enzymes. Food Chemistry, 356: 129679. Joye, I. J., Lagrain, B. and Delcour, J. A. 2009. Endogenous redox agents and enzymes that affect protein network formation during breadmaking: A review. Journal of Cereal Science, 50(1): 1–10. Bahal, G., Sudha, M. L. and Ramasarma, P. R. 2013. Wheat germ lipoxygenase: Its effect on dough rheology, microstructure, and bread making quality. International Journal of Food Properties, 16(8): 1730–1739. bakery bakery industry enzymes Food additives processing aids"
https://wikifarmer.com/category/food-science/food-processing-and-manufacturing/,10/19/2023 20:03,"Food Processing and Manufacturing Materials used in food packaging Smart Packaging Functionality and Benefits Beneficial Microbes in Food Preservation How to Reduce Food Waste with Food Packaging? How Nanotechnology is used in the Food Industry How to Dehydrate Tropical Fruits for Natural, Healthy Snacks Combination Enzymes uses in Bakery Products What are the types of food packaging? The food packaging materials help keep the food fresh and safe. Every material is used to serve different purposes. For example, they can […] How does smart packaging function in the sustainability of the food supply chain? An effective and efficient food supply chain system can reduce the risk of food loss and food […] The Unseen Heroes: Beneficial Microbes in Food Preservation Not all microbes are dangerous. We often associate microbes with diseases and infections. It’s important to note that “not all microbes are […] Global Food Waste Issue Food waste is a global problem requiring a real solution. The Food and Agricultural Organization (FAO) reported 14% of produced food products were lost from the […] Nanotechnology in the Food Industry: An Upcoming Revolution Key Takeaways Nano is a Greek word that means billionth of something. One nanometer equals one billionth of a meter. Nanotechnology is […] Tropical fruits are not only delicious when consumed fresh but can also be preserved through dehydration, creating natural and healthy snacks. Dehydrating tropical fruits allows you to savor their vibrant […] What Are Combination Enzymes Mechanisms and Applications in Bakery Products? What are combination enzymes? Enzymes usage in bakery products can be single or a combination of enzymes based on the […]"
https://wikifarmer.com/category/bamboo-plant/,10/19/2023 20:03,"Bamboo plant Women Empowerment: Bamboo Industry in Rural Areas Edible Bamboo shoot farming – A future health Food Rural women are powerful, strong, and purposeful. The challenges they constantly face have hindered their personal development, economic empowerment, and community leadership. Rural women are the invisible mainstay of community […] In the 21st century, bamboo shoot is recognized as a superfood and is used to prepare many food and pharmaceutical products. The utilization of bamboo shoots as food is mainly […] Bamboo shoot, Harvesting, and Processing With the growing health consciousness among the general population, there is a pressing need to adopt a nutritionally balanced diet that can provide health benefits […]"
https://wikifarmer.com/health-benefits-and-nutritional-value-of-bamboo-shoot/,10/19/2023 20:03,"Dr. Oinam Santosh Nutritional Value of raw Bamboo shoots Health Benefits of Bamboo Shoots Consumption World Bamboo Ambassador Health Beneficial Properties of Bamboo Shoots Bioactive Compounds in Bamboo Shoots Dietary Fiber in Bamboo Shoots Minerals in Bamboo Shoots Antioxidant Activities of Bamboo Shoot This post is also available in: Español (Spanish) Français (French) In the 21st century, bamboo shoot is recognized as a superfood and is used to prepare many food and pharmaceutical products. The utilization of bamboo shoots as food is mainly concentrated in Southeast Asian countries, and it still remains unexploited in other parts of the world (Santosh et al., 2023). Sustainable development, food safety control, and the clarification of their potential health effects are suggested for future consideration (Wang et al., 2020). The juvenile bamboo shoots are delicious as well as rich in nutrient components, mainly proteins, carbohydrates, minerals, vitamins, and dietary fiber, which exhibit great potential as a food resource. Based on USDA, 100g of raw Bamboo shoots contain: It has a high amount of antioxidants, and polyphenols, is low in fat, and is a good source of health-promoting bioactive compounds such as phytosterols, flavonoids, and phenolic acids. The nutritional and bioactive constituents of bamboo shoots are associated with several health benefits that include decreasing blood pressure, and cholesterol, increasing appetite, having anti-cancerous and anti-diabetic properties, reducing the risk of cardiovascular diseases, hypertension, obesity, cancer, and certain gastrointestinal disorders, lowers the level of sugar in the blood, promotes regularity, prevents constipation, antihyperglycemic, immunomodulatory, antiinflammatory, antimicrobial, cardioprotective, and neuroprotective abilities (Chongtham & Bisht, 2020). Bamboo is known for its therapeutic significance and is an integral part of the traditional medicinal system worldwide, including Ayurveda, Chinese, Indo-Persian, Unani, and Tibetan practises. Almost every part of bamboo, such as rhizomes, roots, culm, culm sheaths, seeds, leaves, sap, and shoots, are used for medicinal purposes for treating injuries, fever, skin infections, bleeding gums joint pains, and many more. Bamboo has been incorporated into many traditional formulas to treat lung, stomach, bone, and skin-related problems, wounds, and poisonous bites. Medical applications of Tabasheer were documented in Indian Ayurveda over 10,000 years ago as a fundamental constituent of Chyawanprash, a health tonic to bestow youth, beauty, and life (Nirmala et al., 2018). The medicinal properties of bamboo shoots were also documented in the book Compendium of Materia Medica of the Ming Dynasty (1368–1644), which mentioned the benefits of a liquid circulatory system (Yuming & Jiru, 1999). Extracts of leaves and shoots show potential antimicrobial, antiinflammatory, and wound-healing properties (Kalyan et al., 2023). The potential of bamboo shoots is gaining popularity in the food, nutraceutical, cosmeceutical, and pharmaceutical sectors due to their many health-promoting properties. Bioactive compounds, found in small amounts in food, can enhance the human body’s metabolic processes and provide health benefits by influencing activities such as antioxidant function, enzyme function, receptor function, and even gene expression. Bamboo shoots are a rich source of bioactive compounds with a combination of different dietary fiber components. In the pharmaceutical and nutraceutical industry, bamboo shoots can be a good source of phytosterol which is used for making steroids. Phytosterols serve as a precursor to several pharmaceutical steroids, and phenols function as free radical terminators, metal chelators, and singlet oxygen quenchers. Several phytosterol compounds have been identified in bamboo shoots, including 6-keto cholestanol, desmosterol, ergosterol, cholesterol, lanosterol, cholestanol, stigmasterol, campesterol, β-sitosterol, and stigmastanol (Chongtham & Bisht, 2020). There are several health-promoting properties of phenol such as antioxidant and antimicrobial activity, due to which bamboo shoots are gaining importance in the food industry. The isolation of compounds such as isovitexin, lupenol, glucose, ferulic acid, lyoniresinol, syringic acid, benzyl-O-β-D glucopyranoside, stigmast-4-ene-3,6- dione from bamboo species Bambusa textilis, Phyllostachys edulis, P. nigra, P. prominens, P. pubescens, Sasa coreana, S. veitchii (Indira et al., 2023). Park and John (2010) identified eight phenolic compounds from the shoot extracts of P. pubescens and P. nigra, which include protocatechuic acid, p-hydroxybenzoic acid, catechin, caffeic acid, chlorogenic acid, syringic acid, p-coumaric acid, and ferulic acid. Dietary fiber is a unique blend of bioactive components composed of indigestible plant parts and carbohydrate molecules that can bind and eliminate harmful toxins and carcinogens in the digestive tract. Bamboo shoots are a rich dietary fiber source with several health benefits, including treatment and prevention of obesity and diabetes, reduced cardiovascular diseases, and decreased incidence of certain types of cancer (Nirmala et al., 2009). The health benefits of dietary fiber from bamboo shoots were explored in a study by Park and Jhon (2009), which involved the comparison of a fiber-free diet with one containing bamboo shoot fiber and demonstrated the positive effects of bamboo shoot dietary fiber on improving bowel functions and reducing blood cholesterol levels. Bamboo shoots contain lignans, a significant fiber component known for its reported properties of anticancer, antibacterial, and antiviral activity (Santosh et al., 2023). Incorporating bamboo shoots into a daily diet can provide a wide range of health benefits, including improved digestive health, lower cholesterol levels, and reduced risk of chronic diseases. Minerals are the major groups of micronutrients essential for normal body growth, a vital role in maintaining the structural and physiological growth, and hormonal and regulatory functions of the body in building muscles and bones. Bamboo shoots are reported to have a good profile of minerals, including potassium, calcium, manganese, zinc, chromium, copper, iron, phosphorus, manganese, nickel, and selenium. Fresh bamboo shoots have a high content of potassium, reported up to 5980 mg/100g dry weight in B. bambos. Potassium is a crucial electrolyte that is essential for regulating blood pressure, maintaining fluid balance, and supporting proper muscle and nerve function (Chongtham et al., 2021). Magnesium is another mineral found in abundance in bamboo shoots. This mineral plays a critical role in maintaining healthy bones, supporting proper nerve and muscle function, and regulating heart rhythm. It is also essential for maintaining healthy blood sugar levels, which is crucial for individuals with diabetes or those at risk. Calcium, another vital mineral found in bamboo shoots, is essential for maintaining strong and healthy bones and also plays a crucial role in muscle and nerve function, blood clotting, and hormone secretion. Manganese, phosphorus, and zinc are other essential minerals found in bamboo shoots. The mineral content of bamboo shoots has numerous health benefits. Regular consumption of bamboo shoots can help regulate blood pressure, support healthy bones, aid in wound healing, and promote healthy digestion. Antioxidants are substances or compounds which inhibit the oxidation of other molecules in our body and prevent the formation of free radicals by scavenging them. It plays a significant role in promoting cardiovascular health, preventing diabetes, inhibiting cancerous tumor growth, slowing down the aging process in the brain and nervous system, and reducing the risk and severity of neurodegenerative diseases such as Alzheimer’s and Parkinson’s disease (Mbah et al., 2019). Numerous natural compounds with antioxidant properties can be extracted from plants, such as phenols, polyphenols, vitamin C, vitamin E, beta-carotene, flavonoids, amino acids, and amines. These compounds have been identified to possess the potential to minimize the risk of chronic diseases. The main antioxidants in bamboo shoots are phenols, vitamins C and E, and mineral elements such as selenium, copper, zinc, iron, and manganese (Nirmala et al., 2018). Several identified antioxidants derived from bamboo shoots display certain biological roles, including anti-oxidative, anticancer, anti-hypertensive, and antibacterial. Bamboo, a fast-growing plant with abundant biomass, can provide an alternative source for producing natural antioxidants, which are currently in high demand due to the potential health hazards associated with synthetic antioxidants used in food and pharmaceuticals. Chongtham, N., & Bisht, M.S. (2020). Bamboo shoot: superfood for nutrition, health and medicine. CRC Press. Chongtham, N., Bisht, M. S., Bajwa, H. K., Santosh, O., & Indira, A. (2021). Mineral elements in Bamboo shoots and Potential role in Food Fortification. Journal of Food Composition and Analysis, 103662. Indira A., Joshi B., Santosh O., Koul A., & Nirmala, C. (2023). Potential of Bamboo in the Prevention of Diabetes-Related Disorders: Possible Mechanisms for Prevention in Bamboo Science and Technology, Palombini F L, Nogueira F M (Eds.), Springer Singapore 2023, ISBN 978-981-99-0015-2. Kalyan N., Santosh O., Indira A., Kuhad A., & Nirmala, C. (2023). Therapeutic Aspects of Bamboo for Wound Healing in Bamboo Science and Technology, Palombini F L, Nogueira F M (Eds.), Springer Singapore 2023, ISBN 978-981-99-0015-2. Mbah, C.J., & Onah, C.M. (2019). Physicochemical Properties and Bioanalytical Methods of Therapeutic Agents Utilized in the Management of Alzheimer’s Disease. Acta Scientific Pharmaceutical Sciences, 3, pp.35-41. Nirmala C., Bisht M. S., Bajwa H.K., & Santosh O. (2018). Bamboo: A rich source of antioxidants and its application in the Food and Pharmaceutical industry. Trends in Food Science and Technology, 77: 91-99. Nirmala, C., Sheena, H. and David, E. 2009. Bamboo shoots: a rich source of dietary fibres. in Dietary fibres, fruit and vegetable consumption and health (ed. Klein, F. and Moller, G.), Nova Science Publisher, Inc., New York, pp. 173-187. Park EJ, Jhon DY (2009) Effects of Bamboo Shoot Consumption on Lipid Profiles and Bowel Function in Healthy Young Women. Nutrition, 25:723-728 Park, E.J. and Jhon, D.Y. 2010. The Antioxidant, Angiotensin Converting Enzyme Inhibition Activity, and Phenolic Compounds of Bamboo Shoot Extracts. LWT-Food Science and Technology, 43(4): 655-659. Santosh O., Bajwa, H. K., Indira A., Bano S., Dolma N., Bisht, M. S., & Nirmala, C. (2023). Novel Food Product Development Through Food-to-Food Fortification with Nutrient and Bioactive Compound-Rich Bamboo Shoot in Bamboo Science and Technology, Palombini F L, Nogueira F M (Eds.), Springer Singapore 2023, ISBN 978-981-99-0015-2. Wang, Y., Chen, J., Wang, D., Ye, F., He, Y., Hu, Z., & Zhao, G., (2020). A systematic review on the composition, storage, processing of bamboo shoots: Focusing the nutritional and functional benefits. Journal of Functional Foods, 71, p.104015. Yuming, Y., & Jiru, X. (1999). Bamboo Resources and Their Utilization in China. In: Rao, A.N., Ramanatha Rao V, (Eds). Proceedings of Training Course cum Workshop; 1998 May 10-17. Español (Spanish) Español (Spanish) Français (French) Français (French) Based on USDA , 100g of raw Bamboo shoots contain: Energy: 27 kcal Water: 91 g Protein: 2.6 g Total dietary Fiber: 2.2 g Sugars: 3 g Potassium: 408-5980 mg (highly depends on the bamboo species) Phosphorus 59 mg Calcium: 13 mg Vitamin C: 4 mg of Bamboo Shoots Consumption Bamboo is known for its therapeutic significance and is an integral part of the traditional medicinal system worldwide, including Ayurveda, Chinese, Indo-Persian, Unani, and Tibetan practises. Almost every part of bamboo, such as rhizomes, roots, culm, culm sheaths, seeds, leaves, sap, and shoots, are used for medicinal purposes for treating injuries, fever, skin infections, bleeding gums joint pains, and many more. Bamboo has been incorporated into many traditional formulas to treat lung, stomach, bone, and skin-related problems, wounds, and poisonous bites. Medical applications of Tabasheer were documented in Indian Ayurveda over 10,000 years ago as a fundamental constituent of Chyawanprash , a health tonic to bestow youth, beauty, and life (Nirmala et al., 2018). The medicinal properties of bamboo shoots were also documented in the book Compendium of Materia Medica of the Ming Dynasty (1368–1644), which mentioned the benefits of a liquid circulatory system (Yuming & Jiru, 1999). Extracts of leaves and shoots show potential antimicrobial, antiinflammatory, and wound-healing properties (Kalyan et al., 2023). The potential of bamboo shoots is gaining popularity in the food, nutraceutical, cosmeceutical, and pharmaceutical sectors due to their many health-promoting properties. There are several health-promoting properties of phenol such as antioxidant and antimicrobial activity, due to which bamboo shoots are gaining importance in the food industry. The isolation of compounds such as isovitexin, lupenol, glucose, ferulic acid, lyoniresinol, syringic acid, benzyl-O-β-D glucopyranoside, stigmast-4-ene-3,6- dione from bamboo species Bambusa textilis, Phyllostachys edulis, P. nigra, P. prominens, P. pubescens, Sasa coreana, S. veitchii (Indira et al., 2023). Park and John (2010) identified eight phenolic compounds from the shoot extracts of P. pubescens and P. nigra , which include protocatechuic acid, p-hydroxybenzoic acid, catechin, caffeic acid, chlorogenic acid, syringic acid, p-coumaric acid, and ferulic acid. Minerals are the major groups of micronutrients essential for normal body growth, a vital role in maintaining the structural and physiological growth, and hormonal and regulatory functions of the body in building muscles and bones. Bamboo shoots are reported to have a good profile of minerals, including potassium, calcium, manganese, zinc, chromium, copper, iron, phosphorus, manganese, nickel, and selenium. Fresh bamboo shoots have a high content of potassium, reported up to 5980 mg/100g dry weight in B. bambos . Potassium is a crucial electrolyte that is essential for regulating blood pressure, maintaining fluid balance, and supporting proper muscle and nerve function (Chongtham et al., 2021). Magnesium is another mineral found in abundance in bamboo shoots. This mineral plays a critical role in maintaining healthy bones, supporting proper nerve and muscle function, and regulating heart rhythm. It is also essential for maintaining healthy blood sugar levels, which is crucial for individuals with diabetes or those at risk. Calcium, another vital mineral found in bamboo shoots, is essential for maintaining strong and healthy bones and also plays a crucial role in muscle and nerve function, blood clotting, and hormone secretion. Manganese, phosphorus, and zinc are other essential minerals found in bamboo shoots. The mineral content of bamboo shoots has numerous health benefits. Regular consumption of bamboo shoots can help regulate blood pressure, support healthy bones, aid in wound healing, and promote healthy digestion. bamboo nutritional value"
https://wikifarmer.com/classification-marking-and-labelling-of-eggs/,10/19/2023 20:03,"What are the numbers we see on the eggs? What kind of label/certification can you find on an egg? This post is also available in: Español (Spanish) Ελληνικά (Greek) Depending on the region and the country you are in, there are different guidelines for egg marking. For example, in the US, egg cartons with USDA-gradeshield must display the pack date. This is a 3-digit code that represents the consecutive day of the year, starting with January 1 as 001 and ending with December 31 as 365. Regarding the classification of eggs: Grade AA eggs represent the highest quality eggs available for purchase. These eggs are characterized by their thick, firm egg whites (albumen), high and round yolks, and clean, unbroken shells. Grade AA eggs are particularly well-suited for cooking methods like frying and poaching. Grade A eggs, share the same exterior quality as Grade AA eggs, but their interior quality is slightly lower. In Grade A eggs, the egg whites are not as firm as those of Grade AA eggs. Based on EU legislation, A-grade eggs shall be graded by weight as follows: Grade B eggs, while still safe for consumption, do not meet the same standards of exterior or interior quality as Grade AA or Grade A eggs. Their egg whites are thinner, and their yolks are wider and flatter compared to higher-grade eggs. Additionally, Grade B eggs may exhibit irregular shapes and have rough or thin areas on their shells. Typically, these eggs are used in the production of liquid, frozen, and dried egg products and in various other egg-containing products. In the European Union, on every egg, you will find a tag that gives you a lot of information about the traceability of the egg. The first number is 0, 1, 2, or 3, which give us information about the production system 0 = Organic egg production 1 = Free-range eggs 2 = Indoor Housing (Barn) 3 = Furnished cages The letters stand for the country, and the last four numbers give us the information for the farm to which the laying hens belong. Cage-free are produced by hens that have the freedom to move around within a building, room, or open area that includes nesting spaces and perches. Free-range are similar to cage-free eggs, but the hens are also given access to the outdoors. Free-Run Eggs are sourced from hens raised in free-run housing systems, such as barns or aviaries. Pasture-raised are laid by hens that have the opportunity to roam and forage on a well-maintained pasture. Certified Humane: These eggs originate from facilities that adhere to specific standards for the humane treatment of farm animals, as established by the Humane Farm Animal Care Organization. American Humane Certified: These eggs come from facilities that have completed a third-party audit and certification process conducted by the American Humane Association, demonstrating their commitment to humane animal treatment. The standards they have, cover aspects such as providing nutritious food, creating suitable living conditions, responsible management, knowledgeable care, and considerate handling, transport, and slaughter practices. Certified Organic are produced by cage-free or free-range hens that are raised on certified organic feed. Pasteurized eggs undergo a controlled heating process at a specific temperature to eliminate harmful pathogens. Kosher Certified: The Kosher certification signifies that a product has been manufactured and processed in accordance with Jewish dietary regulations and complies with the stringent criteria set by the OU (Orthodox Union). This certification entails thorough inspections of the production facilities, ingredients, and production techniques to ensure compliance with kosher standards. Enriched: These eggs are laid by hens fed a specialized diet, often resulting in higher levels of nutrients such as omega-3 fatty acids (up to 10-20%). Vegetarian-fed: These eggs are laid by hens that are exclusively fed a vegetarian diet. Further reading USDA, https://ask.usda.gov/s/article/How-long-can-you-store-eggs-in-the-refrigerator4 Puglisi MJ, Fernandez ML. The Health Benefits of Egg Protein. Nutrients. 2022 Jul 15;14(14):2904. doi: 10.3390/nu14142904. PMID: 35889862; PMCID: PMC9316657. Dr. Gargi Mahapatra, 2021, Factors affecting Egg Quality & Physico-chemical properties of Egg, Bihar Animal Sciences University https://www.aspca.org/shopwithyourheart/consumer-resources/meat-eggs-and-dairy-label-guide/understanding-egg-labels Chen, G.-C., Chen, L.-H., Mossavar-Rahmani, Y., Kamensky, V., Shadyab, A. H., Haring, B., Wild, R. A., Silver, B., Kuller, L. H., Sun, Y., Saquib, N., Howard, B., Snetselaar, L. G., Neuhouser, M. L., Allison, M. A., Van Horn, L., Manson, J. E., Wassertheil-Smoller, S., & Qi, Q. (2021). Dietary cholesterol and egg intake in relation to incident cardiovascular disease and all-cause and cause-specific mortality in postmenopausal women. The American Journal of Clinical Nutrition, 113(4), 948–959. https://doi.org/10.1093/ajcn/nqaa353 USDA, https://doi.org/10.1093/ajcn/nqaa353 egg types eggs eggs labeling"
https://wikifarmer.com/category/food-science/fsqr/food-safety-quality/,10/19/2023 20:03,"Food Safety & Quality Microbiological risks in fruits and vegetables Allergens in food Biological Hazards in Food Physical Hazards in Food Chemical hazards in food Food Safety Hazards Although microbiological food outbreaks have historically been related to animal-origin products, the reality is that cereal, fruits, and vegetables are responsible for many food safety alerts. Contaminated foods or beverages […] What are the major allergens in food? Allergens in food are substances that can trigger an allergic reaction in individuals. Food allergies are abnormal responses to food. The immune system […] Which are the biological hazards in food? Biological hazards occur when hazardous or pathogenic microorganisms and their metabolic products, toxins are introduced to food and thus pose a food safety […] What are the types of Physical Hazards in Food? Physical hazards in food can be categorized as either foreign materials that are accidentally introduced during production (such as metal fragments […] From Farm-to-Table: Understanding and Tackling Chemical Contaminants in Foods What are Chemical Contaminants? Chemical contaminants are chemical substances present in food unintentionally, and they can enter into food or food […] What is a food safety hazard? A food safety hazard is an agent that can potentially harm consumers’ health. These hazards arise when food comes into contact with dangerous agents, […]"
https://wikifarmer.com/11-interesting-facts-about-kiwifruit/,10/19/2023 20:03,"Wikifarmer Join our editorial team Relevant Articles Editorial team This post is also available in: This post is also available in: Ελληνικά (Greek) If you want to learn more about kiwi fruit, read the latest article, History, Nutritional Value and Health Benefits of Kiwi References: Richardson DP, Ansell J, Drummond LN. The nutritional and health attributes of kiwifruit: a review. Eur J Nutr. 2018 Dec;57(8):2659-2676. doi: 10.1007/s00394-018-1627-z. Epub 2018 Feb 22. PMID: 29470689; PMCID: PMC6267416. Cornell University. Hardy kiwi (Actinidia arguta, Actinidia kolomikta). Written by Gary Micsky and was retrieved from hwwff.cce.cornell.edu/content/crop-fact-sheets/hardy-kiwi.pdf Ohio State University Extension, Kiwifruit and Hardy Kiwi (Kiwiberries), https://ohioline.osu.edu/factsheet/hyg-1426 WorldAtlas, Top Kiwi-Fruit Producing Countries In The World, https://www.worldatlas.com/articles/top-kiwi-fruit-producing-countries-in-the-world.html EWG’s 2023 Shopper’s Guide to Pesticides in Produce™, https://www.ewg.org/foodnews/clean-fifteen.php Join our community and contribute to Wikifarmer, a platform based on the knowledge of a diverse community of farmers and people working in the agricultural industry from all over the world. Kiwi Tree Share it: Ελληνικά (Greek) Ελληνικά (Greek) ( ) Show more translations Show less translations Kiwifruit is native to China and was initially called “Yang Tao.” It was renamed “kiwifruit” in New Zealand after the kiwi bird, which has a similar brown, fuzzy exterior. Kiwifruit was initially known as the “Chinese gooseberry” before its name change. Kiwifruit is an excellent source of dietary fiber, which aids in digestion, especially if you consume it with the peel. Kiwifruit contains more vitamin C per serving than most other fruits (almost three times the amount of Vitamin C in oranges). (Richardson, 2018) There are more than 50 species in the genus Actinidia , to which kiwifruit belongs. In addition to the traditional green ( Actinidia deliciosa ) and golden kiwifruit ( A. chinensis) , other varieties like red kiwifruit and baby kiwifruit Have been developed and grown in various regions. Kiwifruit continues to ripen after it’s picked, so it’s often sold when still somewhat firm. The high Vitamin C and low tannin content in kiwifruit are thought to explain why the cut fruit does not develop the typical browning reaction that occurs in most other fruits. Kiwifruit contains serotonin, which may help regulate sleep patterns and improve sleep quality. Kiwifruit is on the Environmental Working Group’s “ Clean Fifteen ” list, meaning it’s one of the least pesticide-contaminated fruits. China, Italy, and New Zealand are the top kiwifruit producers worldwide. Cornell University. Hardy kiwi (Actinidia arguta, Actinidia kolomikta). Written by Gary Micsky and was retrieved from hwwff.cce.cornell.edu/content/crop-fact-sheets/hardy-kiwi.pdf Ohio State University Extension, Kiwifruit and Hardy Kiwi (Kiwiberries), https://ohioline.osu.edu/factsheet/hyg-1426 WorldAtlas, Top Kiwi-Fruit Producing Countries In The World, https://www.worldatlas.com/articles/top-kiwi-fruit-producing-countries-in-the-world.html EWG’s 2023 Shopper’s Guide to Pesticides in Produce™, https://www.ewg.org/foodnews/clean-fifteen.php Tags: Health Benefits kiwi kiwi fruit"
https://wikifarmer.com/category/food-science/,10/19/2023 20:03,"Kosher and Halal: How they affect Muslim and Jewish dietary practices Interesting facts about eggs Poultry Egg Types What affects the quality and size of the eggs? Eggs: Nutritional Value & Health Benefits What are the PFAS: Sources and How Consumers Can Avoid Them Best Containers for Storing/Selling Olive Oil Vegetable oils Packaging Table of contents Why choose a non-dairy milk alternative? Production process of Plant-based milks – How are plant-based milks produced? Oat Milk Rice Milk Soy milk Peanut Milk Lupin Milk […] Abstract The Jewish kosher dietary laws and the Muslim halal dietary laws are an integral part of each religion as part of their larger legal frameworks. However, as food and […] What are the numbers we see on the eggs? Depending on the region and the country you are in, there are different guidelines for egg marking. For example, in the […] What causes double yolk in eggs? Double-yolk eggs are eggs that contain two yolks within a single shell. These occur when a hen, typically young or new to egg production, […] In poultry farming, several varieties of eggs are produced by different types of poultry birds. In these article we are going to dive more in the most common poultry egg […] There are various factors influencing the quality of the eggs: First, the laying hen’s diet plays a crucial role in determining egg quality. Hens fed a balanced diet with the […] Nutritional Value Eggs are a good source of high-quality protein and provide essential nutrients such as vitamin B12 and choline. They are also a source of healthy fats and are […] What are the PFAS? PFAS stands for per- and poly-fluoroalkyl substances. They are a group of more than 12,000 compounds (types) of human-made chemicals (USGS, 2023). They are widely used […] Which are the most used packaging containers to store or sell olive oil? To protect the quality and longevity of the olive oil, it is essential to store it in […] Edible Vegetable Oils Packaging Vegetable oils are obtained from a wide range of seeds, fruits, nuts, and grains, and the most popularly used ones are: Olive oil Sunflower oil Canola […]"
https://wikifarmer.com/category/trees/,10/19/2023 20:03,"History, Nutritional Value and Health Benefits of Kiwi Bacterial Citrus Diseases: Identification and Control Important Virus Diseases in Citrus trees Important Citrus Diseases caused by Fungi Why Ghanaian Cocoa Farmers turn towards Sustainable Agriculture Practices Cacao Certification as a driving force for adopting Improved Farming Technologies in Ghana, Africa The most Popular Lemon Tree Varieties Fruit-tree related terminology and categorization – Pomology Identification and management of Tent caterpillars (Malacosoma sp.) in apple trees History of Kiwi Kiwifruit (Actinidia deliciosa) is native to China, where it has been cultivated for centuries. It was originally known as “Yang Tao” or “Chinese gooseberry.” The kiwifruit was […] Kiwifruit is native to China and was initially called “Yang Tao.” It was renamed “kiwifruit” in New Zealand after the kiwi bird, which has a similar brown, fuzzy exterior. Kiwifruit […] What are the most important bacterial diseases that affect citrus trees? 1. Citrus Canker What is Citrus Canker, and how does it affect citrus trees? Citrus canker (CC) is a disease […] What are the most important viral diseases that affect citrus trees? 1. Tristeza How does the tristeza virus affect citrus trees? Citrus Tristeza Virus (CTV) is a phloem-limited virus that belongs […] Which are the most important fungal diseases that affect citrus trees? Pre-harvest fungal citrus diseases 1. Foot Rot & Gummosis What are Citrus Foot Rot and Citrus Gummosis, and how […] Ghana, one of the biggest producers of cocoa worldwide, is confronted with growing environmental and social issues because of traditional cocoa cultivation methods. However, cocoa growers in Ghana are beginning […] Contributing Authors: Nathaniel Mensah Sakyi and Ebenezer Owusu Thesis Supervisor: Dr. Nat Owusu Prempeh What cacao certification is all about? Cacao certification tells the story behind the cacao product […] Lemon Tree Varieties Where did the lemon tree originate from? The genus Citrus is one of the most important taxonomic subunits of the Rutaceae family. Lemons (Citrus limon) are one of the best-known […] What is pomology? Pomology, derived from the Latin word “pomum,” meaning fruit, is the scientific field devoted to the study and cultivation of fruit trees and their fruits. As an […] Apples are high-value crops that have been cultivated globally. Their importance for the human diet can be reflected by proverbs such as: “An apple a day keeps the doctor away.” […]"
https://wikifarmer.com/category/food-science-and-supply-chain-lexicon/,10/19/2023 20:03,"Food Defense Food Integrity Food Safety Food Fraud What is the Critical Limit in food safety? What are the Critical Control Points (CCP’s) in food production Cross-contamination Use By date Expiration date Fortification of milk Fortification of milk is a procedure to enrich cow’s milk with additional vitamins and minerals not naturally present in significant amounts. Usually, vitamin D and A are […] Food defense refers to the proactive measures and strategies that food manufacturers and distributors implement to protect the food supply from intentional contamination or tampering. It involves identifying vulnerabilities in […] Food integrity is defined as a condition in which food is safe for consumption in terms of safety, quality, traceability, and authenticity from various aspects throughout the entire production and […] Food safety refers to the practices and procedures implemented throughout the food supply chain (food production, processing, distribution, and consumption) to ensure that food products are free from contaminants, pathogens, […] Food fraud is the intentional and deceptive manipulation, misrepresentation, or adulteration of food products to gain economic benefits, mislead consumers, or evade regulatory measures. Types of fraudulent activities can involve […] A critical limit in food safety refers to the specific criteria set for each Critical Control Point (CCP) in a Hazard Analysis and Critical Control Points (HACCP) plan. It is […] Critical Control Points (CCPs) refer to specific stages in the food production process where control measures can be applied to prevent or reduce hazards that could pose risks to food […] Cross-contamination occurs when harmful microorganisms or contaminants are transferred from one surface or food item to another, leading to the spread of pathogens and compromising food safety. This can happen […] The “Use By Date” on food packaging indicates the last date the product should be consumed for safety reasons. It is based on scientific testing and analysis conducted by the […] The expiration date (or expiry date) on food packaging indicates the last date on which a product is recommended for consumption or use. Consuming or using a product after its […]"
https://wikifarmer.com/category/flowers/,10/19/2023 20:03,"Indoor gardening: which plants should you choose for your home? Salt-Tolerant Plants: 10 options for gardens near the sea Create a Permaculture Garden – Step By Step How to grow bamboo plants Interesting facts, uses, and types of Bamboo How to care for pansies in the garden and pots Flower plants that Grow and Bloom in the shade Basil in pots – Basil in the garden – Everything you need to know Zinnia and Carnation Parthenocissus Indoor plants add a green touch to your home and contribute to a healthier and more pleasant living environment. According to a study by NASA, certain plants can remove harmful […] What is salt-stress and how does soil salinity affect our plants? In many arid and semi-arid locations, soil salinity is a major barrier affecting plants’ physiology, growth, and performance. Plants […] Nowadays, more than ever, we have to focus not only on the intensification of the production process but also on its sustainability. From the field/farm to the consumer, we need […] Bamboo is considered one of the most famous and abundant plants globally. Thanks to its vivid green color, accelerated growth rate, and durability, Bamboo has become very popular for growing […] Bamboo plant is a woody-stem grass and is one of the tallest species of the Poaceae family. It is an evergreen, perennial plant. Bamboo can reach up to 25-65 feet (8-20 m). […] From gardens and hanging baskets to cocktails and gourmet dishes, pansies (Viola x wittrockiana) bring color and have been declared as some of the most favorite winter flowering plants for […] Find out the best plants to give color to the darkest places of your garden. Most plants flourish under the beneficial effect of ample sunlight and fill the open spaces […] Basil Facts, Uses, and History The aromatic plant of India that we use in our kitchen Basil, also called great basil, belongs to the Lamiaceae family and its scientific name […] Zinnia and carnation are two excellent options for seasonal flowers that can add color to our yard or balcony. Both can easily thrive for quite a long time. Carnation plants […] Parthenocissus is a perennial deciduous climbing plant native to North America. It is a highly versatile plant that can live in our garden from 25 to 40 years or more […]"
https://wikifarmer.com/category/vegetables/,10/19/2023 20:03,"10 Interesting Facts about Endive and Escarole Endive and Escarole: Health Benefits and Nutritional Value Pumpkin Yield, Harvest and Storage Common Pumpkin Pests, Diseases, and Weed control Pumpkin Fertilizer Requirements Pumpkin Water Requirements and Irrigation Systems Soil Requirements, Soil Preparation and Planting of Pumpkin Growing Pumpkins Outdoors for Profit – Complete Growing Guide from Start to Finish Growing Pumpkins in Your Backyard Plant Information and Variety Selection of Pumpkins Which is the difference between endive and escarole? The scientific name of endive (or chicory) is Cichorium endivia. It belongs to the Asteraceae or Composite family. Endive is a biennial, […] Green vegetables are interwoven with healthy nutrition and lifestyle and not unfairly. The majority of green vegetables offer a wide variety of nutrients when consumed mainly raw, providing many beneficial […] How much a pumpkin field can yield Pumpkin producers report that they can produce 12-40 tons of pumpkins per hectare (11000-36000 lbs per acre). The yield depends on the variety […] Numerous pests, diseases and weed pressure can reduce the yield of pumpkin plants if left uncontrolled. In most cases, the effectiveness of a control measure depends on the time of […] First of all, you have to take into consideration the soil condition of your field through semiannual or annual soil testing, before applying any fertilization or tillage method. No two […] How much water pumpkins need Pumpkins demand high amounts of water (large leaves, high water content on the fruits, etc.) to produce high-quality fruits. Pumpkins need on average 2 to […] While pumpkins can survive in a wide variety of soil conditions, they thrive in fertile (with high organic matter), deep (more than 1 m), loam, or sandy loam soils with […] Commercial Pumpkin Farming outdoors can be a good source of income if done rationally and on a scalable basis. Pumpkins are a popular vegetable. These annual, warm-season, herbaceous vines are […] More and more people like to grow their own fruits and vegetables for hobbies, self-satisfaction, and to control what they eat. However, growing fruits and vegetables in our backyard have […] Pumpkin types and variety selection The Cucurbita genus includes numerous species (5 domesticated and 22 wild species) of pumpkins and squash (these common names are used to describe various varieties […]"
https://wikifarmer.com/category/cereals/,10/19/2023 20:03,"Sorghum plant: Characteristics, Importance, Distribution and Uses Agroecological guidelines for storage of cereal grains for smallholder farmers Rice sustainable farming and SRI (System of Rice Intensification) method Weed Management in Barley Farming Yield, Harvest, and Storage of Barley Barley Pests and Diseases Barley Fertilization Requirements and Methods Barley Irrigation Requirements and Methods Barley Soil preparation, Soil requirements, and Seeding requirements Principles for selecting the best Barley Variety Sorghum [Sorghum bicolor (L.) Moench], the fifth most important cereal crop in terms of production and planting area globally. It is a key food crop grown in various countries in […] Proposals for the storage of cereal grains from small subsistence crops in countries with food and nutritional insecurity Since 2013 the official publication: “Smallholders, food security, and the Environment”, on […] Rice has been the main food crop and the basis for livelihood in many countries from time immemorial. It can easily survive and be productive in fields based on sea […] The most common weeds in barley farming belong to the families Asteraceae, Poaceae, and Brassicaceae. They are the following (Mennan and Pala, 2018), (1): Wild oat (Avena fatua) Charlock mustard […] What is the average yield per hectare of barley? During the last five years, the average spring barley yield has been around 7.2 tons per hectare or 107.06 bushels per […] Barley cultivations are often threatened by external factors such as pests and diseases. If control measures are not taken in time, significant yield losses will occur. Τo better protect our […] First of all, you must consider the soil condition of your field through semi-annual or annual soil testing before applying any fertilization method. There are no two identical fields in […] Generally, barley uses moisture more efficiently than other cereals. As a result, it can grow without irrigation in many cases. However, almost 50% of the commercial barley farms in dry […] After selecting and testing the barley variety (for example, a regionally adapted one), growers can prepare their fields for sowing. The appropriate seedbed preparation can dramatically affect all growth stages, […] Selecting the most appropriate variety for a specific field is one of the most critical factors affecting barley cultivation’s success. The primary classification of the currently registered barley varieties is […]"
https://wikifarmer.com/category/seed-collection/,10/19/2023 20:03,"Panicum miliaceum – Millets seeds Dactylis glomerata – Cock’s-foot seeds Hypericum perforatum – St. John’s wort seeds Echinacea purpurea – Echinacea seeds Cuminum cyminum – Cumin seeds Urtica dioica – Common nettle seeds Trigonella foenum-graecum – Fenugreek seeds Sorghum bicolor – Sorghum seeds Fagopyrum esculentum – Buckwheat seeds Phleum pratense – Timothy grass seeds Scientific Name (Species, Family): Panicum miliaceum, Poaceae Common name(s): Millets Type of reproductive material: Seed Weight of 100 seeds: 7.344 g / 0.259 oz Plant life cycle: Perennial Plant Part […] Scientific Name (Species, Family): Dactylis glomerata, Poaceae Common name(s): Cock’s-foot / orchard grass / cat grass Type of reproductive material: Seed Weight of 100 seeds: 0.084 g / 0.0029 oz […] Scientific Name (Species, Family): Hypericum perforatum, Hypericaceae Common name(s): St. John’s wort Type of reproductive material: Seed Weight of 100 seeds: 0.012 g / 0.00042 oz Plant life cycle: Perennial […] Scientific Name (Species, Family): Echinacea purpurea, Asteraceae Common name(s): Echinacea Type of reproductive material: Seed Weight of 100 seeds: 0.402 g / 0.014 oz Plant life cycle: Perennial Plant Part […] Scientific Name (Species, Family): Cuminum cyminum, Apiaceae Common name(s): Cumin Type of reproductive material: Seed Weight of 100 seeds: 0.288 g / 0.01 oz Plant life cycle: Annual Plant Part […] Scientific Name (Species, Family): Urtica dioica, Urticaceae Common name(s): Common nettle / burn nettle Type of reproductive material: Seed Weight of 100 seeds: 0.020 g / 0.0007 oz Plant life […] Scientific Name (Species, Family): Trigonella foenum-graecum, Fabaceae Common name(s): Fenugreek Type of reproductive material: Seed Weight of 100 seeds: 1.844 g / 0.065 oz Plant life cycle: Annual Plant Part […] Scientific Name (Species, Family): Sorghum bicolor, Poaceae Common name(s), variety: Sorghum, Hayday / Swee Delight Type of reproductive material: Seed Weight of 100 seeds: 2.256 g / 0.0795 oz Plant […] Scientific Name (Species, Family): Fagopyrum esculentum, Polygonaceae Common name(s): Buckwheat Type of reproductive material: Seed Weight of 100 seeds: 1.300 g / 0.045 oz Plant life cycle: Annual Plant Part […] Scientific Name (Species, Family): Phleum pratense, Poaceae Common name(s): Timothy-grass / meadow cat’s-tail / phleum Type of reproductive material: Seeds Weight of 100 seeds: 0.04 g / 0.0014 oz Plant […]"
https://wikifarmer.com/category/beekeeping/,10/19/2023 20:03,"What is Nature-based Beekeeping, and how can a Farmer adopt it Natural Pollination in greenhouse crops using bumblebees and other beneficial insects How to feed Bees Harvesting Honey Beekeeping for beginners Understanding Bee Social Structure and Organization How Honey is made by Bees Q&As on Bees Bee Poisoning from Pesticides Major Honeybee Diseases While the lives of bees are wonderfully complex, beekeeping does not have to be. It can be as simple as sitting a hive, waiting days for a swarm to colonize […] Bumblebees are used to pollinate greenhouse crops since the late 80s. Until today they remain a very reliable source of pollination, especially in tomato crops. Before the development of commercial […] Bee Feeding Recommendations – Introduction to Bee Feeding Bees need certain nutrients for survival and development. They cover those needs from nectar and pollen of plants. But since in autumn […] Beehive honey collection – Honey Extraction Basics Honey can be harvested in two major types: Comb and Extracted honey. Comb honey is the type of honey that is harvested exactly […] Beekeeping Basics – Introduction to Beekeeping Beekeeping is an exciting world in which we connect with nature while producing top quality honey and other natural products for home or commercial […] The bee society is consisted of the queen (which is the only sexually developed female), the worker bees and the drones. Each colony has only one queen. The primary purpose […] How do bees produce Honey? Worker bees (who account for at least 98% of the beehive population) are the ones that produce honey under a complicated procedure. A great […] Why do bees die after they sting? Because the stinger is attached to the honeybee’s inner parts, nerves, muscles and intestine. When the (worker) honeybee stings a human, the stinger […] A common problem that many beekeepers face is the poisoning of their bees due to pesticides. It is the beekeeper’s responsibility to protect his/her bees from foraging on plants that […] American Foulbrood It is the disease of the sealed brood and is caused by a spore-forming bacterium Paenibacillus larvae. Adult bees are not affected by the bacterium. However, adult worker […]"
https://wikifarmer.com/category/sheep/,10/19/2023 20:03,"Q&As on Sheep Is Sheep Farming profitable? Sheep Manure Production and Waste Management Sheep Care Basics Sheep Milk Production How to feed Sheep Selecting Sheep for milk or meat Housing Sheep How to raise Sheep Are sheep carnivores? No, sheep are herbivores What is the normal body temperature of sheep? The normal rectal temperature for sheep is 100.9–103.8 °F (38.3–39.9 °C). At what age can […] Can someone get profit from Raising Sheep? Of course sheep farming can be profitable, but on a medium to large scale. Hundreds of thousands of people across the world make […] Keeping our farm clean is the key to raise healthy and thriving sheep. We must daily remove their waste and the bedding from the shelter, because they attract flies and […] Sheep Care, Health & Well Being Unfortunately, sheep often suffer from internal parasites as well as other diseases. Sheep farmers deworm their sheep often (get advice from your local licensed […] When and How to milk Sheep – Dairy Sheep Milk Production and Yield The average female sheep can mate at an age of 7-9 months old (there are striking […] What do Sheep eat – Feeding Sheep Basics – Dairy and Meat Sheep Nutrition Sheep are grazers. They prefer to eat short, tender pasture very close to the field surface. […] Selection of Sheep – General Strategy A common mistake of inexperienced farmers is that they often start raising just one sheep. The sheep is a very social animal, with a […] Building the Sheep Farm – How to house Sheep As it happens in all livestock activities, we start by building our sheep establishment well before we welcome our animals. We […] Sheep Raising Basics – Introduction to Sheep Farming Sheep is a very friendly and calm animal that can live in harmony with chickens, horses, goats etc., while producing valuable dairy […]"
https://wikifarmer.com/pl/,10/19/2023 20:03,"WITAMY W WIKIFARMER OFICJALNE BEZPŁATNE ŹRÓDŁO WIEDZY ROLNICZEJ Witamy w Wikifarmer Zaloguj się Reset hasła NAJPOPULARNIEJSZE KATEGORIE WARZYWA JĘCZMIEŃ PSZCZELARSTWO DRZEWA UPRAWY SPECJALISTYCZNE UPRAWA WINOROŚLI ŚWINIE TEZAURUS ZRÓWNOWAŻONEGO ROZWOJU WYRÓŻNIONE ARTYKUŁY Farming 101 – Jak zostać rolnikiem — poradnik krok po kroku Komercyjna uprawa ziemniaka NAJPOPULARNIEJSZE ARTYKUŁY Uprawa jabłoni z nasion Zapylanie roślin bawełny Co to jest biocyklowe rolnictwo wegańskie? Jak w prosty sposób uprawiać pomidory w ogrodzie O NAS FILMY NAJNOWSZE ARTYKUŁY Co to jest nawóz zielony? Co to jest rolnictwo bez orki? Co to jest ochrona gleby i dlaczego jest ważna? Jak zapobiegać erozji gleby? Co to jest płodozmian i dlaczego jest dobry? Co to jest uprawa współrzędna i dlaczego jest lepsza od monokultury? Czym jest rolnictwo pustynne? Co to jest rolnictwo hydroponiczne? Co to jest owocowanie naprzemienne? Czym jest rolnictwo przemysłowe? Co to jest bioindykator? Co to jest humus glebowy? Co to jest cecha “stay green”? Co to jest rolnictwo plantacyjne? Czym jest wytrzymałość (resilience)? Co to jest ślad węglowy? Co to jest wypas rotacyjny i adaptacyjny wypas wielowybiegowy ? Co to jest rolnictwo o kontrolowanym środowisku (CEA)? Co to jest zakwaszenie gleby i jakie są jego przyczyny? Co to jest różnorodność biologiczna i dlaczego jest ważna? Co to jest rolnictwo syntropiczne? Co to jest rolnictwo monokulturowe? Dlaczego gatunki inwazyjne są niebezpieczne dla środowiska? Nadchodzące wydarzenia ZOSTAŃ AUTOREM OUR AUTHORS PONAD OSOBY ODWIEDZAJĄCE PORTAL Z PONAD CO O NAS MÓWIĄ NASI PARTNERZY Jesteś rolnikiem? DEMOKRATYZACJA ROLNICTWA Wikifarmer to globalna platforma, której misją jest wzmacnianie pozycji rolników poprzez edukację i oferowanie im dostępu do otwartego rynku, umożliwiając im w ten sposób sprzedaż swoich produktów po uczciwych cenach. Bądź na bieżąco z szeroką gamą tematów związanych z rolnictwem oraz nadchodzącymi trendami i innowacjami, uczestnicząc w konferencjach, webinariach i wielu innych wydarzeniach na całym świecie. Sprawdź, co oferujemy. Pasjonujesz się rolnictwem i jesteś gotów dzielić się swoją wiedzą i doświadczeniem z ludźmi na całym świecie? Dołącz do społeczności Wikifarmer, stając się autorem na największej, tworzonej przez użytkowników platformie rolniczej i pomagaj rolnikom w podnoszeniu poziomu produkcji oraz prowadzeniu bardziej zrównoważonych upraw. Ruch w Internecie Ponad 18 milionów unikalnych osób odwiedzających portal Sieć Współpraca z uniwersytetami, organizacjami pozarządowymi i innymi organizacjami na całym świecie UNIKALNYCH UŻYTKOWNIKÓW WERSJI JĘZYKOWYCH KRAJÓW Łączymy siły z uczelniami wyższymi, organizacjami pozarządowymi i innymi organizacjami na całym świecie, pełniąc wspólnie misję w zakresie zrównoważonego rozwoju i dobrobytu człowieka. Wikifarmer to globalna platforma, której misją jest wzmocnienie pozycji rolników poprzez edukację i oferowanie im dostępu do otwartego rynku, aby mogli sprzedawać swoje produkty po uczciwych cenach. Sprzedawaj swoje produkty rolne w Internecie Dołącz do Wikifarmer, aby stać się członkiem najbardziej akredytowanego źródła darmowej wiedzy rolniczej. Rejestrując się, użytkownik wyraża zgodę na warunki Regulaminu Wikifarmer i Polityki prywatności Masz już konto? Kliknij tutaj, aby się zalogować. Zapomniałeś hasła? Kliknij tutaj. Nie jesteś jeszcze użytkownikiem, kliknij tutaj, aby się zarejestrować. Wprowadź poniżej swój adres e-mail. Po jego wysłaniu otrzymasz wiadomość e-mail zawierającą instrukcje odzyskiwania konta. Profesor tytularny na Uniwersytecie Federalnym w Lavras Agronom specjalizujący się w międzynarodowym zrównoważonym agroleśnictwie, zarządzaniu gruntami i glebą Sieć stowarzyszeń Magister Agronom i Enolog Dyrektor wykonawczy-AgriGreen Nepal Plantator kawy trzeciej generacji Doktor pszczelarstwa Ekspertka ds. rolnictwa syntropicznego Koordynator w Biocyclic Vegan Network Organizacja Ekspert ds. rolnictwa (w rolnictwie precyzyjnym) Naukowiec w trakcie habilitacji Naukowiec rolny Doświadczony międzynarodowy kontroler jakości owoców, handlowiec i rolnik Doktorant w dziedzinie biofunkcjonalności żywności na Uniwersytecie w Hohenheim. Doradca ds. rolnictwa stosującego inteligentne rozwiązania klimatozależne oraz ubezpieczeń rolniczych Specjalista w dziedzinie etykietowania żywności, spraw regulacyjnych i bezpieczeństwa żywności Mgr Hodowca Roślin – Agronom zarejestruj się za pomocą Google zarejestruj się za pomocą Facebooka Zarejestruj się zaloguj się za pomocą Google zaloguj się za pomocą Facebooka Zresetuj hasło"
https://wikifarmer.com/category/viticulture/,10/19/2023 20:03,"How to use Cover Crops in Vineyards and their Advantages The use of Technology in Contemporary Viticulture Grape Yield per Hectare and Acre How to Grow Grapes for Profit – Commercial Grape Grower’s Essential Guide Grape Harvesting – When and How to Harvest your Vineyard Common Grapevine Pest and Diseases Grapes Fertilizer Management Grapes Irrigation and Water Management Vine Pruning, Defoliation and Thinning Grapes Training Systems and Methods Cover crops in vineyards Erosion, soil degradation due to extensive farming and tillage, biodiversity loss, and loss of water and moisture from topsoil are just some of the problems farmers […] Technology has changed every aspect of life. As far as viticulture is concerned, technology has dramatically changed the way growers make decisions on when and how to irrigate, on when […] Vineyard Yield per Hectare and Acre As far as yield is concerned, in general, when we harvest table grape varieties, we can harvest a higher yield than when we grow […] Summary of Vineyard Farming – Growing Grapes Commercially Grape production–if done rationally and on a scalable basis- can be a good source of long term income. However, vine growing, either […] Grape harvesting is one of the most important procedures for grapevine producers. In many countries, the day of harvesting is so great that producers organize fiestas to celebrate the great […] Pests Phylloxera Phylloxera vastatrix (PLANCHON), is such a destructive aphid for grapevine’s root system, which was mainly the reason for the utilization of grafted plants in Europe. The pest is […] How and when to fertilize grapes – Vineyard fertilizer requirements. First of all, you have to take into consideration the soil condition of your field through semiannual or annual soil […] How and when to irrigate vineyards. There are several schools of thought when it comes to vine irrigation. You can rarely find two experienced grape farmers who can agree on […] Pruning is one of the most important growing techniques of vine cultivation. Vine prunings are divided into two main categories: Shaping prunings and Balanced prunings Shaping prunings include all the […] As we mentioned before, the grapevine is a climbing bush. This means that it needs a kind of supporting system in order to develop properly. Right after the installation of […]"
https://wikifarmer.com/category/sustainability/thesaurus-of-sustainability/,10/19/2023 20:03,"What is Biochar? What are Heirloom varieties? What is carbon farming – carbon sequestration? What is sustainable nutrient management? What is a cover crop in farming? What is urban agriculture? What are the Vegetated (Filter) Strips? What is desert agriculture? Biochar, a carbon-rich substance, is generated through the thermal breakdown of organic biomass, such as crop residue, agro-wastes, wood chips, and husk, in low oxygen conditions—a process termed pyrolysis. This […] Heirloom varieties, also known as heirloom cultivars or heritage varieties, are crops passed down from generation to generation within a family, community, or region and have generally been around for […] There are many different ways to define and approach sustainable agriculture, and there is no one-size-fits-all approach. However, several principles are commonly associated with sustainable agriculture that can lead to […] Crop residues are materials left in an agricultural field after the crop has been harvested. These residues include stalks and stubble (stems), leaves, and seed pods. Good management of field […] Sustainable nutrient management requires efficient use of nutrients based on applying what is available and needed, and to make it available to plants in a combination of cost-effective and safe […] Cover crops are plant species that a person/farmer can grow on a field to improve-protect soil health and obtain an objective to provide soil and/or crop benefits or/and use as […] Urban agriculture, defined as the activity of food production within or around the boundaries of an urban area, could be a way of increasing food production by making use of […] Vegetation strips are narrow lines of vegetation, either natural or sown (grasses, legumes, etc.), which can help prevent erosion, increase organic matter and infiltration of rain, and improve soil quality […] Written by Ian Madalitso Saini In simple terms, desert agriculture is the farming of crops well-suited for arid conditions, such as sorghum. In other words, it is the type of […]"
https://wikifarmer.com/category/sustainability/,10/19/2023 20:03,"Microbial Solutions for Soil Fertility and Nutrient Cycling Climate Change and Agriculture Climate change is one of the significant challenges that the agricultural sector is facing, with rising temperatures, changing precipitation patterns, and an increase in extreme weather […] Soil salinization decreases the agricultural production potential of up to 46 million ha per year (FAO). In this post, we will further analyze: What is soil salinization The impact of […] Pictures of Biochar sacks in fishpond Aquatic pollution, causes, and effects on fish farming Toxic contaminants end up in our state’s waterbodies in different ways. Industrial and municipal discharges, agricultural […] Nutrient mobility refers to the ability of nutrients to move in a particular environment. Understanding nutrient mobility helps in identifying nutrient deficiencies and pinpointing their underlying causes. The extent of […] Introduction Soil health is the cornerstone of sustainable agriculture, playing a pivotal role in ensuring the long-term viability of our food production systems. As the global population continues to grow, […] Mulching in vegetable production is common among farmers globally in many different crops. The main reason for the wide use of this practice is the many benefits it can offer. […] What are the 17 SDGs and their meaning? SDG stands for Sustainable Development Goals. The United Nations in 2012 created SDGs during the UN Conference in Rio de Janeiro. Apart […] The trends in agriculture The combination of the use of beneficial and environmentally friendly microorganisms for agricultural production, such as P (phosphorus) solubilizers and N (nitrogen) fixers, together with inorganic […] Bringing circularity in the fertilizer production system There is an increasing interest and focus on circular economy that advocates for sustainable development and cultivation. In this context, fertilizer production industries are […] What are the roles of microbes in the soil? Microorganisms, like bacteria and fungi, break down organic matter, recycle nutrients and enhance the soil structure and soil fertility. They play […] …"
https://wikifarmer.com/category/smart-agriculture/,10/19/2023 20:03,"How nanotechnology is used in Agriculture The challenge of producing red lettuce variety on an indoor farm Innovations & Technologies for Smarter Integrated Pest Management The Importance of Weather and Soil Monitoring How can vegetation indices help to improve crop growth and yield? AgTech Advancements in Beef and Dairy Cattle Production AgTech innovations in Livestock Production Livestock AgTech to Improve Sustainability Earth observation for water management and precision irrigation – cases studies What are the main technologies and applications of precision agriculture? Latest Articles Nanotechnology in agriculture: The future is now! Key Takeaways It is vital to meet the nutritional needs of the world’s population, which is growing rapidly. Nearly one-third of crops grown […] Indoor farming mimics nature to produce plants with commercially desirable characteristics. The ultimate goal of indoor farming (Vertical, City farming, Greenhouse Farming) is to produce or grow fresh, tasty, and […] Precision Agriculture and IPM Integrated Pest Management (IPM) is a long-term approach to pest control that stresses prevention, monitoring, and control through various tactics. Pest management has traditionally depended mainly […] Enhancing Good Agricultural Practices with Weather and Soil Monitoring Weather conditions and soil moisture play a crucial role in agriculture, impacting pest infestations, disease infections, and crop health. In […] How can vegetation indices be used to improve crop performance? Smart farming practices and precision agriculture have penetrated the agri-food system helping farmers produce and interpret important data related to […] Technology is developing rapidly everywhere, including in beef and dairy cattle production. In fact, among all the livestock species, someone could argue that beef and dairy has been the most […] Modern technology has been changing human lives for decades. Some of these technologies made their way to crop farming years ago as “precision ag” and are now showing up in […] As climate change becomes more pronounced, consumers expect their daily food products – especially their animal proteins – to be produced in a sustainable and environmentally conscious manner. This means […] Introduction Earth observation uses sensors to collect information about the Earth’s surface from a distance. The COALA project applies Earth Observation technologies to create precision agriculture methodologies to optimise crop […] Technologies of precision farming Main satellite constellations, correction systems, and georeferencing The basis of precision agriculture systems in the field is the GNSS (Global Navigation Satellite System), consisting of a […]"
https://wikifarmer.com/pt-br/,10/19/2023 20:03,"BEM-VINDO AO WIKIFARMER Este website utiliza cookies A FONTE MAIS ACREDITADA DE CONHECIMENTO AGRÍCOLA GRATUITO Bem-vindo(a) ao Wikifarmer Fazer login Senha redefinida CATEGORIAS MAIS POPULARES COLETA DE SEMENTES LÉXICO DE SUSTENTABILIDADE OVELHAS CEREAIS ÁRVORES CIÊNCIA GASTRONÔMICA ARTIGOS EM DESTAQUE Agricultura Celular – Carne Cultivada Pecuária AgTech para melhorar a sustentabilidade ARTIGOS MAIS POPULARES Avena sativa – sementes de Aveia Como fertilizar as batatas Preparação e Requisitos de Solo da Pera Condições de Cultivo da Hortelã-Pimenta SOBRE NÓS ARTIGOS MAIS RECENTES O que é Agricultura de Precisão e como os agricultores podem se beneficiar dela? Tipos de Sistemas de Irrigação – Qual escolher de acordo com suas necessidades Fatores a considerar ao selecionar um sistema de irrigação Colheita do Café – Colheita dos Frutos do Café Principais pragas e doenças do café e medidas de controle Guia Completo de Cultivo da Planta do Chá Fatos Interessantes Sobre o Mel – Valor Nutricional do Mel Mel De Flor De Laranjeira (Citrus) Quais Fatores Afetam A Qualidade Do Mel Mel De Tomilho Mel Produzido em Florestas e Prados Tipos De Mel E Suas Características Mel Manuka Legislação do Mel: Parâmetros, Critérios e Limites Batatas Híbridas – Uma Solução Climaticamente Inteligente para Produtores de Batata Aproveitar o desperdício alimentar para fazer a diferença – Como reduzir e reutilizar o desperdício alimentar Insetos Benéficos Importantes como Inimigos Naturais de Pragas de Culturas Como reconhecer o oídio no morango e controlá-lo com eficiência Guia para Iniciantes em Agricultura Hidropônica: Da Semente à Colheita Cultivo Comercial de Manjericão (Ocimum basilicum) para produção de óleo O que são prebióticos e por que são benéficos? O Que São Probióticos E Por Que São Benéficos? Quais são as principais tecnologias e aplicações da agricultura de precisão? TORNE-SE UM AUTOR NOSSOS AUTORES SOBRE MAIS DO QUE VISITANTES DE MAIS DE O QUE ELES DIZEM SOBRE NÓS NOSSOS PARCEIROS Você é um Agricultor? DEMOCRATIZANDO A AGRICULTURA A Wikifarmer é uma plataforma global com a missão de capacitar os agricultores através da educação e oferta de acesso ao mercado aberto para vender seus produtos a preços justos. Mantenha-se constantemente atualizado sobre uma grande variedade de tópicos agrícolas, tendências futuras e inovações participando de conferências, webinars e muitos outros eventos em todo o mundo. Dê uma olhada mais de perto em nossa lista. Você é apaixonado pela agricultura e está pronto para compartilhar seu conhecimento, experiência ou experiência com um público global? Junte-se à comunidade Wikifarmer tornando-se um autor na maior plataforma agrícola gerada por usuários e ajude os agricultores a melhorar sua produção e cultivar de forma mais sustentável. Tráfego da Web Mais de 18 milhões de visitantes únicos Rede Em colaboração com universidades, ONGs e outras organizações em todo o mundo USUÁRIOS ÚNICOS VERSÕES DE IDIOMA Unimos forças com ONGs, universidades e outras organizações globalmente para cumprir nossa missão comum de sustentabilidade e bem-estar humano. Venda seus produtos agrícolas online Junte-se ao Wikifarmer para se tornar membro da fonte melhor credenciada de conhecimento agrícola gratuito. Ao se cadastrar, você concorda com o Acordo de Usuário e Política de Privacidade do Wikifarmer Já possui uma conta? Clique aqui para fazer login. Esqueceu sua senha? Clique aqui. Ainda não é membro, clique aqui para se registrar. Por favor insira seu e-mail abaixo. Uma vez enviado, você receberá um e-mail contendo as instruções para recuperar sua conta. Necessários Preferências Estatísticas Validade: 1 ano Validade: 180 dias Validade: Session Validade: Persistent Validade: 2 anos Validade: 1 dia Validade: 14 dias Validade: 2 dias Validade: 3 meses Pendente Lista de domínios do qual o seu consentimento se aplica: Como as abelhas fazem o mel? Cultivar Árvores de Amêndoa com fins Lucrativos Sintomas, Doenças e Saúde dos Porcos Organização Rede de associações Coordenador na Rede Vegana Biocíclica Cientista Honorário CSIR-Fourth Paradigm Institute, Bengaluru, Índia Arquiteto e Engenheiro Paisagista Cofundador da Cellular Agriculture Greece, professor de Agricultura Celular Especialista em Agricultura Sustentável e de Precisão Especialista em agricultura de carbono Cientista animal/escritor freelancer profissional Projeto de pesquisa Técnico em Hidroponia - Engenheiro Agrônomo PhD em Apicultura Governança e Gestão Ambiental, consultor em Agronegócios Consultor em Agricultura Vertical e educador ambiental Especialista em Agricultura Sintrópica Editor-escritor multipremiado Especialista agrícola (em agricultura de precisão) Agricultora - Cientista de Alimentos, M.Sc. Nanobiotecnologia MSc. Melhoramento de plantas Cadastrar-se com o Google Cadastrar-se com o Facebook Registrar-se Entrar com o Google Entrar com o Facebook Redefinir senha"
https://wikifarmer.com/el/,10/19/2023 20:03,"ΚΑΛΩΣ ΟΡΙΣΑΤΕ ΣΤΟ WIKIFARMER Αυτή η ιστοσελίδα χρησιμοποιεί cookies THN ΠΙΟ ΔΙΑΠΙΣΤΕΥΜΕΝΗ ΠΗΓΗ ΔΩΡΕΑΝ ΑΓΡΟΤΙΚΗΣ ΓΝΩΣΗΣ Καλώς ήρθατε στο Wikifarmer Συνδεθείτε Επαναφορά κωδικού πρόσβασης ΔΗΜΟΦΙΛΕΣΤΕΡΕΣ ΚΑΤΗΓΟΡΙΕΣ ΤΟ ΛΕΞΙΚΟ ΤΗΣ ΑΕΙΦΟΡΙΑΣ ΕΥΦΥΗΣ ΓΕΩΡΓΙΑ ΑΜΠΕΛΟΥΡΓΙΑ ΜΕΛΙΣΣΟΚΟΜΙΑ ΠΡΟΒΑΤΑ ΣΠΟΡΟΛΟΓΙΟ ΓΕΩΡΓΙΚΑ ΜΗΧΑΝΗΜΑΤΑ ΚΑΙ ΕΞΟΠΛΙΣΜΟΣ ΚΑΛΛΩΠΙΣΤΙΚΑ ΦΥΤΑ ΔΕΝΤΡΑ ΛΑΧΑΝΙΚΑ ΕΠΙΣΤΗΜΗ ΚΑΙ ΤΕΧΝΟΛΟΓΙΑ ΤΡΟΦΙΜΩΝ ΕΠΙΛΕΓΜΕΝΑ ΑΡΘΡΑ Σόργο: Χαρακτηριστικά, Χρήσεις και Θρεπτική αξία Αλλεργιογόνα στα τρόφιμα ΔΗΜΟΦΙΛΕΣΤΕΡΑ ΑΡΘΡΑ Opuntia sp. – Σπόροι Φραγκόσυκου Το φυτό του δενδρολίβανου – Χρήσεις και Πληροφορίες Ενδιαφέρουσες πληροφορίες, χρήσεις και είδη μπαμπού Nicotiana tabacum – Σπόροι Καπνού Βιρτζίνια Χρυσού ΣΧΕΤΙΚΑ ΜΕ ΕΜΑΣ ΒΙΝΤΕΟ ΠΡΟΣΦΑΤΑ ΑΡΘΡΑ Καλλιέργεια κολοκύθας στο σπίτι Ποικιλίες κολοκύθας και γενικές πληροφορίες για το φυτό Κολοκύθα: διατροφική αξία και οφέλη για την υγεία 15 ενδιαφέροντα στοιχεία για τις κολοκύθες Καλλιέργεια μανιταριών πλευρώτους σε υπόστρωμα υποπροϊόντων φοινικόδεντρων Η σημασία της δικτύωσης και της συνεργασίας μεταξύ των αγροτών Ζωοτροφές: πώς να επιλέξετε την κατάλληλη για τα ζώα σας Μαστίτιδα στα βοοειδή – Αιτίες, συμπτώματα και αντιμετώπιση Οδηγός μεταφύτευσης φυταρίων- Πώς να μεταφυτεύσετε τα σπορόφυτα με επιτυχία Είδη Αυγών Πουλερικών Ταξινόμηση, και σήμανση των αυγών Αυγά: Διατροφική αξία & οφέλη για την υγεία Ενδιαφέρουσες πληροφορίες για τα αυγά Τι επηρεάζει την ποιότητα και το μέγεθος των αυγών Cochlosoma anatis: Μια αναδυόμενη απειλή για τις γαλοπούλες Τι είναι τα PFAS (παντοτινά χημικά) και πως μπορείτε να τα αποφύγετε Υλικά συσκευασίας φυτικών ελαίων Υλικά συσκευασίας τροφίμων Απόδοση κολοκύθας, συγκομιδή και αποθήκευση Παράσιτα, ασθένειες και έλεγχος ζιζανίων στην καλλιέργεια της κολοκύθας Λίπανση κολοκύθας Άρδευση κολοκύθας Εδαφικές απαιτήσεις, προετοιμασία εδάφους και φύτευση κολοκύθας Επαγγελματική καλλιέργεια κολοκύθας, όσα πρέπει να γνωρίζετε Εκδηλώσεις ΕΝΤΑΞΟΥ ΣΤΗΝ ΣΥΝΤΑΚΤΙΚΗ ΜΑΣ ΟΜΑΔΑ OΙ ΣΥΓΓΡΑΦΕΙΣ ΜΑΣ ΠΑΝΩ ΑΠΟ ΠΕΡΙΣΣΟΤΕΡΕΣ ΑΠΟ ΕΠΙΣΚΕΠΤΕΣ ΑΠΟ ΤΙ ΛΕΝΕ ΓΙΑ ΕΜΑΣ ΟΙ ΣΥΝΕΡΓΑΤΕΣ ΜΑΣ Είσαι παραγωγός; ΕΚΔΗΜΟΚΡΑΤΙΖΟΝΤΑΣ ΤΗΝ ΑΓΡΟΤΙΚΗ ΠΑΡΑΓΩΓΗ Το Wikifarmer είναι μια παγκόσμια πλατφόρμα που έχει ως όραμα και στόχο να στηρίξει και να ενδυναμώσει τους αγρότες, προσφέροντάς τους δωρεάν πρόσβαση σε σχετικά εκπαιδευτικά άρθρα καθώς και στην εγχώρια και παγκόσμια αγορά ώστε να πουλήσουν τα προϊόντα τους σε δίκαιες τιμές. Παραμείνετε συνεχώς ενήμεροι για τις τελευταίες καινοτομίες, τις ανερχόμενες τάσεις και πολλά ακόμα θέματα του αγροδιατροφικού τομέα, παρακολουθώντας μια μεγάλη ποικιλία εκδηλώσεων παγκοσμίως. Δείτε την αναλυτική λίστα. Έχεις πάθος για την αγροτική παραγωγή και θέλεις να μοιραστείς τις εξειδικευμένες γνώσεις και την εμπειρία σου με ένα παγκόσμιο κοινό; Γίνε μέλος της ομάδας του Wikifarmer ως συντάκτης στην μεγαλύτερη πλατφόρμα του γεωργικού κλάδου, με κείμενα που δημιουργούνται από τους ίδιους τους χρήστες και βοήθησε τους αγρότες να αναβαθμίσουν βιώσιμα την παραγωγή τους. Επισκεψιμότητα Πάνω από 18 εκατομμύρια μοναδικοί χρήστες Δικτύωση Συνεργαζόμαστε με Πανεπιστήμια, ΜΚΟ και άλλους οργανισμούς από όλο τον κόσμο ΜΟΝΑΔΙΚΟΙ ΧΡΗΣΤΕΣ ΓΛΩΣΣΕΣ ΧΩΡΕΣ Ενώνουμε τις δυνάμεις μας με Μ.Κ.Ο., Πανεπιστήμια και άλλους οργανισμούς παγκοσμίως ώστε μαζί να μπορέσουμε να επιτύχουμε τους κοινούς μας στόχους για βιωσιμότητα και ευημερία των ανθρώπων. Πούλησε τα αγροτικά σου προϊόντα διαδικτυακά Εγγραφείτε στο Wikifarmer για να γίνετε μέλος της πιο διαπιστευμένης πηγής δωρεάν αγροτικής γνώσης. Με την εγγραφή σας αυτή συμφωνείτε στους όρους χρήσης και την πολιτική απορρήτου του Wikifarmer Έχετε ήδη λογαριασμό; Κάντε κλικ εδώ για να συνδεθείτε. Ξεχάσατε τον κωδικό πρόσβασής σας; Κάντε κλικ εδώ. Δεν είστε ακόμα μέλος, κάντε κλικ εδώ για να εγγραφείτε. Παρακαλούμε εισάγετε το email σας παρακάτω. Αμέσως μετά θα λάβετε ένα email με τις οδηγίες για την ανάκτηση του λογαριασμού σας. Αναγκαία Προτιμήσεις Στατιστικά Εμπορικής προώθησης Λήξη: 1 έτος Τύπος: HTTP Λήξη: 180 ημέρες Λήξη: Session Τύπος: HTML Λήξη: Persistent Λήξη: 2 έτη Λήξη: 1 ημέρα Λήξη: 14 ημέρες Λήξη: 2 ημέρες Τύπος: Pixel Λήξη: 3 μήνες Σε αναμονή Τύπος: IDB Λίστα τομέων στους οποίους ισχύει η συναίνεσή σας: Να μην πωληθούν ή κοινοποιηθούν τα προσωπικά μου στοιχεία Γεωπόνος (Επιστήμη και Τεχνολογία Τροφίμων) Εκπαιδευόμενη στην ομάδα παρακολούθησης της Υγείας των φυτών- Ευρωπαϊκή Αρχή για την Ασφάλεια των Τροφίμων (EFSA) Ειδικός στην γεωργία άνθρακα Εντομολόγος Ειδικός Συντροπικής Γεωργίας Παραγωγός και έμπορος φρούτων (αβοκάντο) Καθηγητής στο Federal University of Lavras Συντονιστής στο Bιοκυκλικό Vegan Δίκτυο Μεταδιδακτορική ερευνήτρια Βιολόγος με εξειδίκευση στην μυκολογία Σύμβουλος εφαρμογών κάθετης γεωργίας και περιβαλλοντικός εκπαιδευτικής Σύμβουλος Αγροτικής Επιχειρηματικότητας και Περιβαλλοντικής Διαχείρισης Υποψήφιος διδάκτωρ με εξειδίκευση στα Βιολειτουργικά Τρόφιμα στο Πανεπιστήμιο του Hohenheim PhD Μελισσοκομία Σχεδιάστρια τοπίου (Αρχιτεκτονική Τοπίου) Γεωπόνος - Ειδικός στην επιστήμη τροφίμων, M.Sc. Nanobiotechnology Project Ειδικός στην επισήμανση τροφίμων σε νομικές υποθέσεις και στην ασφάλεια τροφίμων Ειδικός στην καλλιέργεια βιομηχανικής κασάβας Eγγραφείτε με την Google Εγγραφείτε με το Facebook Εγγραφείτε Συνδεθείτε με το Google Συνδεθείτε με το Facebook Σύνδεση"
https://wikifarmer.com/id/,10/19/2023 20:03,"SELAMAT DATANG DI WIKIFARMER Situs web ini menggunakan cookie SUMBER PENGETAHUAN PERTANIAN GRATIS PALING TERAKREDITASI Selamat datang di Wikifarmer Masuk Reset kata sandi KATEGORI PALING POPULER KUMPULAN BENIH LEKSIKON KEBERLANJUTAN PEMELIHARAAN ANGGUR PEMBIAKAN LEBAH DOMBA AYAM ARTIKEL UNGGULAN Ternak Lebah untuk Pemula Pertanian untuk Pemula - Cara menjadi Petani - Panduan Langkah demi Langkah ARTIKEL TERPOPULER Brassica oleracea – Merah Kohlrabi benih Gossypium herbaceum L. – Kapas afrika benih Rotasi Tanaman Alfalfa Cara memberi makan Babi TENTANG KAMI ARTIKEL TERBARU Salsola soda – Bertentangan garam masin benih Vicia villosa – Haiwan peliharaan berbulu benih Dolichos sesquipedalis – Kacang panjang benih Brassica oleracea capitata – Κubis benih Lactuca sativa longifolia – Selada benih Panicum miliaceum – Milet benih Dactylis glomerata – Rumput kebun benih Hypericum perforatum – Hypericum perforatum benih Echinacea purpurea – Echinacea benih Cuminum cyminum – Jintan putih benih Urtica dioica – Jelatang benih Trigonella foenum-graecum – Kelabat benih Sorghum bicolor – Sorgum benih Fagopyrum esculentum – Gandum kuda benih Phleum pratense – Rumput Timothy benih Medicago sativa – Alfalfa benih Poa pratensis – Rumput meadow benih Lolium perenne – Rumput ray benih Beta vulgaris L. – Bit benih Brassica rapa L. – Sawi bunga benih Borago officinalis – Borage benih Fragaria x Ananassa – Stroberi kebun benih Portulaca oleracea – Gelang biasa benih Acara mendatang (kalender) MENJADI SEORANG PENGARANG LEBIH LEBIH DARI PENGUNJUNG DARI ATAS APA YANG MEREKA KATAKAN TENTANG KITA MITRA KAMI Apakah Anda seorang petani? DEMOKRATISASI PERTANIAN Wikifarmer adalah sebuah platform global yang memiliki misi pemberdayaan para petani dengan mendidik dan menawarkan mereka akses ke pasar terbuka agar mereka dapat menjual produk-produk pertanian mereka dengan harga yang wajar. Tetap terus diperbarui tentang berbagai macam topik pertanian, tren mendatang, dan inovasi dengan menghadiri konferensi, webinar, dan banyak lagi acara di seluruh dunia. Lihatlah lebih dekat daftar kami. Apakah Anda bersemangat tentang pertanian dan siap untuk berbagi pengetahuan, pengalaman, atau keahlian Anda dengan audiens global? Bergabunglah dengan komunitas Wikifarmer dengan menjadi penulis di platform Pertanian terbesar yang dibuat pengguna dan bantu petani meningkatkan produksi mereka dan mengolah lebih berkelanjutan. Lalu lintas web Lebih dari 18 juta pengunjung tunggal Jaringan Bekerja sama dengan Universitas, LSM dan organisasi lain di seluruh dunia PENGGUNA UNIK VERSI BAHASA NEGARA Kami bergabung dengan LSM, Universitas-universitas, dan organisasi-organisasi lainnya secara global untuk memenuhi misi bersama kita tentang keberlanjutan dan kesejahteraan manusia. Jual produk pertanian Anda secara online Bergabunglah dengan Wikifarmer untuk menjadi anggota dari sumber pengetahuan pertanian gratis yang paling terakreditasi. Dengan Mendaftar, Anda menyetujui Perjanjian Pengguna dan Kebijakan Privasi Wikifarmer Sudah memiliki akun? Klik di sini untuk masuk. Lupa kata sandi Anda? Klik disini. Belum menjadi anggota, klik di sini untuk mendaftar. Silakan masukkan email Anda di bawah ini. Setelah dikirimkan, Anda akan menerima email berisi instruksi untuk memulihkan akun Anda. Diperlukan Preferensi Statistik Pemasaran Kedaluwarsa: 1 tahun Jenis: HTTP Kedaluwarsa: 180 hari Kedaluwarsa: Session Jenis: HTML Kedaluwarsa: Persistent Kedaluwarsa: 2 tahun Kedaluwarsa: 1 hari Kedaluwarsa: 2 hari Jenis: Pixel Kedaluwarsa: 3 bulan Tertunda Jenis: IDB Daftar domain di mana persetujuan Anda berlaku: Jangan menjual atau membagikan informasi pribadi saya daftar dengan Google daftar dengan Facebook Daftar masuk dengan Google masuk dengan Facebook"
https://wikifarmer.com/ko/,10/19/2023 20:03,"위키파머에 오신 것을 환영합니다 무료 농업 지식의 가장 공인된 출처 위키파머(Wikifarmer)에 오시 것을 환영합니다. 로그인 비밀번호 재설정 가장 인기 있는 카테고리 지속 가능성 사전 종자 수집 포도 재배 양봉 양 염소 특집 기사 재생 농업(Regenerative Agriculture)이란 무엇인가? 초보자를 위한 양봉 가장 인기 있는 기사 농원 농업(Plantation Agriculture)이란 무엇인가? 꿀벌 무리 Lavandula officinalis – 라벤더속 씨앗 겨울을 위한 벌집 준비 소개 비디오 가장 최근 기사 Salsola soda 씨앗 Vicia villosa 씨앗 Dolichos sesquipedalis – 장두 씨앗 Brassica oleracea – 빨간색콜라비 씨앗 Brassica oleracea capitata – 양배추 씨앗 Lactuca sativa longifolia – 로메인상추 씨앗 Panicum miliaceum – 서곡 씨앗 Dactylis glomerata – 오리새 씨앗 Hypericum perforatum – 서양고추나물 씨앗 Echinacea purpurea – 에키네시아 씨앗 Cuminum cyminum – 쿠민 씨앗 Urtica dioica – 서양쐐기풀 씨앗 Trigonella foenum-graecum – 호로파 씨앗 Sorghum bicolor – 수수새속 씨앗 Fagopyrum esculentum – 메밀 씨앗 Phleum pratense 씨앗 Medicago sativa – 자주개자리 씨앗 Poa pratensis – 왕포아풀 씨앗 Lolium perenne – 쥐보리속 씨앗 Beta vulgaris L. – 비트 씨앗 Brassica rapa L. – 브라시카 라파 씨앗 Borago officinalis – 보리지 씨앗 Fragaria x Ananassa – 딸기 씨앗 Portulaca oleracea – 쇠비름 씨앗 진행 예정 행사 (캘린더) 작가 되기 위에 이상 이상에서 온 방문객 그들이 우리에 대해 말하는 것 저희의 제휴사 농업인이신가요? 농업의 민주화 위키파머(Wikifarmer)는 농업인들을 교육시키며 그들의 상품들을 공정한 가격에 판매할 수 있도록 자유 시장으로의 액세스를 제공함으로써 농업인들에게 힘을 실어 주고자 하는 미션을 가진 글로벌 플랫폼입니다. 전 세계의 컨퍼런스, 웨비나 및 더 많은 이벤트에 참석하여 다양한 농업 주제, 향후 동향 및 혁신에 대해 지속적으로 업데이트하십시오. 우리의 목록을 자세히 살펴보십시오. 농업에 대한 열정이 있고 지식, 경험 또는 전문 지식을 전 세계 청중과 공유할 준비가 되어 있습니까? 가장 큰 사용자 생성 농업 플랫폼의 저자가 되어 Wikifarmer 커뮤니티에 가입하고 농부들이 생산을 업그레이드하고 보다 지속 가능한 방식으로 경작하도록 돕습니다. 웹 트래픽 1800만 명 이상의 단일 방문자 네트워킹 전 세계의 대학, NGO 및 기타 조직과 협력하여 고유 사용자 언어 버전 국가 저희는 지속 가능성 및 인류 복리 에 대한 저희의 공동 임무를 수행하기 위해 비정부 기구, 대학교, 세계적인 기타 기관들과 협력하고 있습니다. 온라인에서 여러분의 농산물을 판매하세요. 위키파머(Wikifarmer)에 가입하여 무료 농업 지식에 대한 가장 공인된 출처의 멤버가 되어 보세요. 회원 가입 시 위키파머(Wikifarmer)의 이용 약관 및 개인정보 보호정책에 동의하게 됩니다. 이미 계정이 있으신가요? 로그인 하시려면 여기를 클릭하세요. 비밀번호를 찾으시려면 여기를 클릭하세요. 아직 회원이 아니신 경우 여기를 클릭하여 가입하세요. 아래에 메일 주소를 입력해 주시기 바랍니다. 입력 후 회원님의 계정을 복원하기 위한 방법을 포함하고 있는 메일을 받게 되실 것입니다. 구글로 회원 가입 페이스북으로 회원 가입 등록하기 구글로 로그인 페이스북으로 로그인"
https://wikifarmer.com/vi/,10/19/2023 20:03,"CHÀO MỪNG BẠN ĐẾN VỚI WIKIFARMER Trang web này sử dụng cookie NGUỒN KIẾN THỨC NÔNG NGHIỆP MIỄN PHÍ CHÍNH XÁC NHẤT Chào mừng đến với Wikifarmer Đăng nhập Đặt lại mật khẩu CÁC DANH MỤC PHỔ BIẾN NHẤT BỘ SƯU TẬP HẠT GIỐNG TỪ ĐIỂN BỀN VỮNG NGHỀ TRỒNG NHO NUÔI ONG CỪU DÊ CÁC BÀI BÁO NỔI BẬT Hướng dẫn nuôi ong cho người mới bắt đầu Trồng trọt cho người mới bắt đầu- Cách trở thành nông dân CÁC BÀI BÁO PHỔ BIẾN NHẤT Yêu cầu về đất và quy trình chuẩn bị cho việc trồng nho Trigonella foenum-graecum – Cỏ ca ri hạt Satureja hortensis hạt Daucus carota – Cà rốt dại hạt VỀ CHÚNG TÔI CÁC BÀI BÁO GẦN ĐÂY NHẤT Salsola soda hạt Vicia villosa hạt Dolichos sesquipedalis – Đậu đũa hạt Brassica oleracea – Màu đỏ Su hào hạt Brassica oleracea capitata – Cải bắp hạt Lactuca sativa longifolia – Rau diếp hạt Panicum miliaceum – Kê hạt Dactylis glomerata hạt Hypericum perforatum hạt Echinacea purpurea hạt Cuminum cyminum – Thì là Ai Cập hạt Urtica dioica – Tầm ma gốc lạ hạt Sorghum bicolor – Chi Cao lương hạt Fagopyrum esculentum – Mạch ba góc hạt Phleum pratense hạt Medicago sativa – Cỏ linh lăng hạt Poa pratensis hạt Lolium perenne hạt Beta vulgaris L. – Củ cải ngọt hạt Brassica rapa L. – Cải củ turnip hạt Borago officinalis hạt Fragaria x Ananassa – Dâu hạt Portulaca oleracea – Rau sam hạt Các sự kiện sắp tới (lịch) TRỞ THÀNH MỘT TÁC GIẢ KẾT THÚC NHIỀU HƠN DU KHÁCH TỪ HƠN HỌ NÓI GÌ VỀ CHÚNG TÔI CÁC ĐỐI TÁC CỦA CHÚNG TÔI Bạn có phải một Người Làm Nông? DÂN CHỦ HÓA NÔNG NGHIỆP Wikifarmer là một nền tảng toàn cầu với sứ mệnh trao khả năng cho những người nông dân thông qua việc đào tạo và cung cấp cho họ phương pháp tiếp cận với thị trường mở để bán các sản phẩm của họ ở mức giá hợp lý. Luôn cập nhật liên tục về nhiều chủ đề nông nghiệp, xu hướng sắp tới và đổi mới bằng cách tham dự các hội nghị, hội thảo trên web và nhiều sự kiện khác trên toàn thế giới. Hãy xem kỹ danh sách của chúng tôi. Bạn có đam mê nông nghiệp và sẵn sàng chia sẻ kiến ​​thức, kinh nghiệm hoặc chuyên môn của mình với khán giả toàn cầu không? Tham gia cộng đồng Wikifarmer bằng cách trở thành tác giả trong nền tảng Nông nghiệp lớn nhất, do người dùng tạo và giúp nông dân nâng cấp sản xuất và canh tác bền vững hơn. Lưu lượng truy cập web Hơn 18 triệu khách truy cập đơn lẻ Kết nối mạng Phối hợp với các trường Đại học, các tổ chức phi chính phủ và các tổ chức khác trên toàn thế giới NGƯỜI DÙNG DUY NHẤT PHIÊN BẢN NGÔN NGỮ QUỐC GIA Chúng tôi kết hợp với các tổ chức phi chính phủ (N.G.O.s), Trường Đại Học và nhiều tổ chức khác để hoàn thành sứ mệnh chung là mang đến khả năng phát triển bền vững và thịnh vượng cho con người. Hãy bán các sản phẩm nông nghiệp của bạn online Hãy tham gia Wikifarmer để trở thành thành viên của nguồn kiến thức nông nghiệp miễn phí được công nhận nhất. Bằng cách Đăng ký, bạn đồng ý với Wikifarmer Thỏa thuận người dùng và Chính sách quyền riêng tư Đã có một tài khoản? Nhấp vào đây để đăng nhập. Quên mật khẩu? Nhấp vào đây. Chưa phải là thành viên, bấm vào đây để đăng ký. Vui lòng nhập email của bạn dưới đây. Sau khi gửi đi, bạn sẽ nhận được email chứa hướng dẫn để khôi phục tài khoản của mình. Cần thiết Sở thích Thống kê Tiếp thị Hết hạn: 1 năm Kiểu: HTTP Hết hạn: 180 ngày Hết hạn: Session Kiểu: HTML Hết hạn: Persistent Hết hạn: 2 năm Hết hạn: 1 ngày Hết hạn: 2 ngày Kiểu: Pixel Hết hạn: 3 tháng Đang chờ duyệt Kiểu: IDB Danh sách các tên miền mà bạn đồng ý áp dụng: Không được bán hoặc chia sẻ thông tin cá nhân của tôi đăng ký bằng Google đăng ký bằng Facebook Đăng ký đăng nhập bằng Google đăng nhập bằng Facebook Thiết lập lại mật khẩu"
https://wikifarmer.com/zh-hans/,10/19/2023 20:03,欢迎来到维基农场 最受认可的免费农业知识来源 欢迎访问 Wikifarmer 密码重置 最受欢迎的类别 种子收集 可持续发展词典 葡萄栽培 树木 蜜蜂养殖 蔬菜 谷物 山羊 土壤和水的保护 智能耕作 食物科学 精选文章 可可的收获、处理和储存 白葡萄酒酿造 最受欢迎的文章 牛油果树的需水量和灌溉系统 Salsola soda – 苏打猪毛菜 种子 Poa pratensis – 草地早熟禾 种子 选择一匹马 关于我们 视频 最近的文章 桃树的繁殖与授粉 桃树的土壤要求、土壤准备和种植 如何通过种植桃树盈利——桃树种植指南 如何从核果长成一株桃树 桃树的相关知识信息、品种选择和对环境要求 桃子的相关知识、用途、营养价值和对人体的健康益处 什么是青贮饲料?如何生产青贮饲料 收获咖啡——咖啡浆果采摘 咖啡种植 – 的咖啡入门指南 咖啡植物信息——形态学 亚麻荠：小种子——巨大的机会 山蚂蝗：帮助咖啡生产对于多变气候的适应 销售、贸易和运输可可豆 可可树的相关植物保护——主要环境压力及病害 可可的肥料施用——营养需求 可可树的用水需求和灌溉 可可的土壤要求和具体种植措施 可可树的品种选择与繁殖 桃树的病虫害 桃子每公顷产量、收获和储存方法 桃树对肥料的要求 灌溉桃树——桃树的种植需要多少水? 如何培育和修剪桃树 即将举行的活动(日历) 成为一名作者 我们的作者 超过 访问者来自各地 他们对我们的评价 我们的合作伙伴 您是一位农民吗？ 农业大众化 Wikifarmer是一个全球性平台，其使命是通过教授农民相关知识，并向其提供进入公开市场、以公平价格出售产品的机会来增强农民的自主能力。 通过参加会议、网络研讨会和更多世界各地的活动，从而大量地了解农业主题、近期的趋势和创新。具体请见详单。 您是否对农业充满热情，并愿意与全球志同道合的朋友一起分享知识、经验或专长？加入Wikifarmer 社区，成为由用户自由联盟、最大农业平台的作者，并帮助农民提高生产、更可持续地耕作。 网站访客的流量 单一访客超过1800万 联网 与世界各地的大学、非政府组织和其他组织合作 访问者 语言版本 国家 我们与全球的非营利组织、大学和其他组织机构联合起来，共同履行我们在可持续发展和人类福祉方面的使命。 Wikifarmer是一个全球平台，其使命是通过教授农民，为其提供进入公开市场并以公平价格出售产品的机会，从而增强农民自身的能力。 在线销售您的农产品 加入 Wikifarmer，成为最权威的免费农业知识来源的成员。 注册即表示您同意维基农夫的用户协议和隐私政策。 已有账户？单击此处登录。 忘记密码？点击此处。 尚未成为会员，请单击此处注册。 请在下面输入您的电子邮件。提交后，您将收到一封电子邮件，其中包含恢复账户的说明。 拉夫拉斯联邦大学教授 理学硕士农学家和酿酒师 生物循环素食者网络协调员 组织 水果（牛油果）生产商和贸易商 一名专门从事国际可持续农林业、土地及土壤管理的农艺师 非营利机构 一位经验丰富的国际水果质量控制专家、贸易商和农民 环境治理和管理博士、农业综合企业顾问 协会网络 商用实验室国际顾问（果蔬冷藏专业） 垂直农业顾问和环境教育家 农业专家（专注于精准农业方向） 景观设计师和工程师 名专门研究加纳可可树的农学家 食品标签专家、法规事务专家、食品安全专家 植物育种学硕士-农艺师 农业学家兼食品科学家，纳米生物技术硕士 研究项目 用 Google 注册 用 Facebook 注册 用 Google 登录 用 Facebook 登录 登录 重置密码
https://wikifarmer.com/tr/,10/19/2023 20:03,"WIKIFARMER'A HOŞ GELDİNİZ Bu web-sitesinde çerezler kullanılmaktadır ÜCRETSİZ TARIM BİLGİSİ İÇİN EN AKREDİTE KAYNAĞI Wikifarmer'a Hoşgeldiniz Giriş yap Şifreyi sıfırlama EN POPÜLER KATEGORİLER TOHUM TOPLAMA SÜRDÜRÜLEBİLİRLİK SÖZLÜĞÜ BAĞCILIK ARICILIK KOYUNLAR HUBUBAT TOPRAK VE SU KORUMA AKILLI TARIM GIDA BİLİMİ SEÇME MAKALELER Tarımda Risk Yönetimi Yaklaşımları En Uygun Arpa Çeşidi Seçmenin İlkeleri EN POPÜLER MAKALELER Portakal Ağacının Su İstekleri Kentsel Tarım – Uygulamalar ve Faydalar Cucumber persica – Salatalık tohumlar Ki̇raz ağacinin yayilmasi ve tozlaşmasi HAKKIMIZDA VİDEOLAR EN YENİ MAKALELER Ananasın Tarihçesi, Kullanımları ve Besin Değeri Fonksiyonel Gıdalar – Fonksiyonel gıda terimi ne anlama geliyor? Kentsel çatı katı seraları için hangi bitkiler seçilmeli? AB Besin değeri tablosu ve Besin iddiaları – Besinler ne anlama geliyor? ABD gıda etiketleme gereksinimlerine giriş – Uyumlu bir gıda etiketinde olması gerekenler “ne, nerede ve ne zaman” Hassas Uygulamalı Tarım – Faydaları ve Engelleri Tedarik zincirleri nasıl daha etik olabilir? – Etik bir tedarik zincirine sahip olmak neden önemlidir? Kahve Hasadı Kahve Bitkisi Hakkında Bilgiler – Morfoloji Biyolojik çeşitliliği artırmak ve ekosistem hizmetlerini geliştirmek için çiftlik uygulamaları Kakao Çekirdeklerinin Satışı, Ticareti ve Nakliyesi Kakao Çeşit Seçimi ve Kakao Propagasyonu Camelina sativa: küçük tohumlar, büyük fırsatlar Topraksız tarım nedir? Çöl tarımı nedir? Ejder Meyvelerinin Paketlenmesi, Satışı ve İhracatı Ejder Meyvesi Hasadı ve Depolama Ejder Meyvesi Çeşit Seçimi Ejder Meyvesi Bitki Bilgileri ve Çevre Gereksinimleri Ejder Meyvesi: Tarihi, Besin Değeri ve Kullanım Alanları Ananas Çeşidi Seçimi Ananas Bitki Bilgileri ve Çevre Gereksinimleri Ananasın Hasadı, Taşınması, Depolanması ve Satışı Ananas için Toprak İhtiyaçları ve Arazi Hazırlığı Yaklaşan etkinlikler (takvim) YAZAR OL YAZARLARIMIZ ÜZERİNDE BUNDAN FAZLA ZİYARETÇİLER BİZİM HAKKIMIZDA NE DİYORLAR ORTAKLARIMIZ Çiftçi misiniz? TARIMIN DEMOKRATİKLEŞTİRİLMESİ Wikifarmer, çiftçileri eğiterek ve ürünlerini adil fiyatlarla satabilmeleri için açık pazara erişimlerini temin ederek onları güçlendirme misyonuna sahip küresel bir platformdur. Dünya çapında konferanslara, web seminerlerine ve daha birçok etkinliğe katılarak çok çeşitli tarımsal konular, yaklaşan trendler ve yenilikler hakkında sürekli güncel kalın. Listemize daha yakından bakın. Çiftçilik konusunda tutkulu musunuz ve bilginizi, deneyiminizi veya uzmanlığınızı küresel bir izleyici kitlesiyle paylaşmaya hazır mısınız? Kullanıcı tarafından oluşturulan en büyük Tarım platformunda yazar olarak Wikifarmer topluluğuna katılın ve çiftçilerin üretimlerini yükseltmelerine ve daha sürdürülebilir bir şekilde yetiştirmelerine yardımcı olun. Web trafiği 18 milyondan fazla tek ziyaretçi Ağ Üniversiteler, STK'lar ve dünya çapındaki diğer kuruluşlarla işbirliği içinde BENZERSİZ KULLANICILAR DİL VERSİYONLARI ÜLKELER Sürdürülebilirlik ve insan refahına odaklanan ortak misyonumuzu yerine getirmek için küresel STK'lar, Üniversiteler ve diğer kuruluşlarla işbirliği yapıyoruz. Tarım ürünlerinizi çevrimiçi olarak satın En güvenilir ve en kampsamlı tarım kütüphanesinin bir üyesi olmak için Wikifarmer'a ücretsiz olarak katılın. Kayıt olduğunuzda Wikifarmer'ın Kullanıcı Sözleşmesini ve Gizlilik Politikasını kabul edersiniz. Zaten bir hesabınız varsa buradan giriş yapın Şifrenizi unuttuysanız buraya tıklayın Henüz üye değilseniz, kaydolmak için buraya tıklayın. Lütfen e-posta adresinizi aşağıya girdiğinizde hesabınızı kurtarmak için gerekli talimatları içeren bir e-posta alacaksınız. Gerekli Tercihler İstatistikler Pazarlama Son Kullanma Tarihi: 1 yıl Türü : HTTP Son Kullanma Tarihi: 180 gün Son Kullanma Tarihi: Session Türü : HTML Son Kullanma Tarihi: Persistent Son Kullanma Tarihi: 14 gün Son Kullanma Tarihi: 2 gün Türü : Pixel Son Kullanma Tarihi: 3 ay Bekliyor Türü : IDB Rızanızın geçerli olduğu alanların listesi: Kişisel bilgilerini satmayın veya paylaşmayın Federal Lavras Üniversitesi, Profesör İklim Akıllı Tarım ve Tarım Sigortası Danışmanı Yüksek Ziraat Mühendisi ve Oenolog Araştırma Projesi Sintropik Tarım Uzmanı Dikey tarım danışmanı ve çevre eğitimcisi Editör ekibi İcra Direktörü-AgriGreen Nepal Ziraat Mühendisi - Gıda Bilimcisi, Nanobiyoteknoloji alanında Yüksek Doktora Sonrası Araştırmacı Dernekler ağı Biocyclic Vegan Network şirketinde Koordinatör Gıda etiketleme uzmanı, Ruhsatlandırma işleri, Gıda güvenliği uzmanı Deneyimli Uluslararası Meyve Kalite Kontrolörü, Tüccar ve Çiftçi Doktora, Arıcılık Organizasyon Kar amacı gütmeyen kuruluş Tarım uzmanı (hassas uygulamalı tarım alanında) Peyzaj mimarı ve Peyzaj mühendisi Google ile kayıt ol Facebook ile kayıt ol Kayıt ol Google ile giriş yap Facebook ile giriş yap Şifre sıfırlama"
https://wikifarmer.com/ar/,10/19/2023 20:03,"مرحبا بكم في WIKIFARMER يستخدم هذا الموقع ملفات ارتباط المصدر الأكثر اعتمادًا للمعرفة الزراعية المجانية مرحبًا بك في Wikifarmer تسجيل الدخول إعادة تعيين كلمة المرور الفئات الأكثر شعبية قاموس الاستدامة جمع البذور الحفاظ على التربة والمياه زراعة الكروم تربية النحل خرفان طعام من حبوب الزراعة الذكية علم الطعام مقالات مميزة الغطاء النباتي والتربة - الحفاظ على المياه التأمين الزراعي وإدارة المخاطر المقالات الأكثر شعبية Taraxacum officinale – طرخشقون بذور الزراعة الدقيقة – الفوائد والعوائق Gypsophila paniculata – جصية بذور تسميد البطاطس نبذة عنا أشرطة فيديو أحدث المقالات متطلبات تخصيب الأناناس احتياجات مياه الأناناس وأنظمة الري متطلبات التربة وتحضير الأرض لنبات الأناناس تاريخ الأناناس ، الاستخدامات والقيمة الغذائية ما هي الزراعة المائية؟ ما هي الزراعة الصحراوية؟ تعبئة وبيع وتصدير ثمار التنين حصاد فاكهة التنين وتخزينها . حماية نبات فاكهة التنين إخصاب فاكهة التنين متطلبات مياه فاكهة التنين وأنظمة الري تدريب شجرة فاكهة التنين وتقليمها تلقيح فاكهة التنين وانتشارها مسافات زراعة فاكهة التنين وتعريشة متطلبات التربة وإعداد الأرض لفاكهة التنين معلومات عن نبات فاكهة التنين والمتطلبات البيئية اختيار فاكهة التنين . فاكهة التنين: تاريخ المحاصيل ، القيمة الغذائية والاستخدامات حماية محصول الأناناس زراعة الأناناس – كثافة نبات الأناناس اختيار أنواع الأناناس معلومات نبات الأناناس والمتطلبات البيئية حصاد الأناناس ومناولتها وتخزينها وبيعها الأناناس المزهرة والتلقيح والتقليم الأحداث القادمة كن مؤلفا كتابنا خلال أكثر من زوار من الخارج ماذا يقولون عنا شركاؤنا هل انت مزارع ؟ دمقرطة الزراعة إن Wikifarmer عبارة عن منصة عالمية تقوم على مهمة تمكين المزارعين من خلال تعليمهم وتمكينهم من الوصول إلى السوق المفتوحة لبيع منتجاتهم بأسعار عادلة ابق على اطلاع دائم على مجموعة كبيرة ومتنوعة من الموضوعات الزراعية والاتجاهات القادمة والابتكارات من خلال حضور المؤتمرات والندوات عبر الإنترنت والعديد من الأحداث الأخرى في جميع أنحاء العالم. ألق نظرة على قائمتنا. هل أنت شغوف بالزراعة ومستعد لمشاركة معرفتك أو خبرتك أو خبرتك مع جمهور عالمي؟ انضم إلى مجتمع Wikifarmer من خلال أن تصبح مؤلفًا في أكبر منصة زراعية أنشأها المستخدمون وساعد المزارعين على ترقية إنتاجهم والزراعة بشكل أكثر استدامة. حركة مرور الويب أكثر من 18 مليون زائر منفرد مساحة التعاون بالتعاون مع الجامعات والمنظمات غير الحكومية والمنظمات الأخرى في جميع أنحاء العالم مستخدمون فريدون إصدارات اللغة الدول ونحن نضم صوتنا إلى دول منظمة ""ن. ج. أو""، والجامعات، وغيرها من المنظمات على مستوى العالم من أجل الوفاء بمهمتنا المشتركة في مجال الاستدامة ورفاه الإنسان. بيع منتجاتك الزراعية عبر الإنترنت انضم إلى Wikifarmer لتصبح عضوًا في أكثر المصادر المجانية المعتمدة للمعرفة الزراعية . بالتسجيل، أنت توافق على اتفاقية المستخدم وسياسة الخصوصية لـ Wikifarmer. هل لديك حساب بالفعل؟ انقر هنا لتسجيل الدخول. هل نسيت كلمة المرور؟ انقر هنا. لست عضوا بعد، اضغط هنا للتسجيل. الرجاء إدخال بريدك الإلكتروني أدناه. بمجرد الإرسال، ستتلقى بريدًا إلكترونيًا يحتوي على تعليمات لاستعادة حسابك. ضرورية خاصة بالصفحات المفضلة إحصائية تسويقية انتهائها : 1 سنة نوعها : HTTP انتهائها : 180 أيام انتهائها : Session نوعها : HTML انتهائها : Persistent انتهائها : 2 سنوات انتهائها : 1 يوم انتهائها : 14 أيام انتهائها : 2 أيام نوعها : Pixel انتهائها : 3 أشهر قيد الانتظار نوعها : IDB قائمة النطاق التي تنطبق موافقتك عليها: لا تقم ببيع أو مشاركة معلوماتي الشخصية كيفية زراعة الطماطم (البندورة) – حقائق موجزة مجتمع النحل وكيفية عمله مقدمة في تربية الخيول مهندس زراعي متخصص في الحراجة الزراعية الدولية المستدامة وإدارة الأراضي والتربة عالم زراعي مهندس ومهندس المناظر الطبيعية أستاذ متفرغ بجامعة لافراس الفيدرالية منظمة مراقب جودة الفاكهة الدولية من ذوي الخبرة ، تاجر ومزارع منسق في Biocyclic Vegan Network خبير الزراعة التركيبية المدير التنفيذي - AgriGreen نيبال ماجستير تربية النبات - مهندس زراعي فريق التحرير مشروع البحث عالم الغذاء خبير ملصقات المواد الغذائية ، الشؤون التنظيمية ، أخصائي سلامة الأغذية ماجستير الهندسة الزراعية زراعي - عالم أغذية ، ماجستير التكنولوجيا الحيوية النانوية مرشح دكتوراه في الوظيفة الحيوية الغذائية في جامعة هوهنهايم منظمة غير ربحية التسجيل باستخدام Google التسجيل باستخدام Facebook يسجل تسجيل الدخول باستخدام Google تسجيل الدخول باستخدام Facebook"
https://wikifarmer.com/it/,10/19/2023 20:03,"BENVENUTO IN WIKIFARMER Questo sito web utilizza i cookie LA FONTE PIÙ ACCREDITATA DI CONOSCENZA LIBERA SULL’AGRICOLTURA Benvenuto a Wikifarmer Accedi Ripristino della password LE CATEGORIE PIÙ POPOLARI LESSICO DI SOSTENIBILITÀ VITICOLTURA APICOLTURA COLLEZIONE DI SEMI CAPRE FIORI ARTICOLI IN EVIDENZA Che cos'è l'agricoltura biologica? - Definizione ed esempi di agricoltura biologica Come essere un agricoltore – Guida passo a passo ARTICOLI PIÙ POPOLARI Condizioni e preparazione del terreno del pistacchio Parassiti e malattie del pero Psidium guajava – semi di Guava Cosa sono le caratteristiche “stay green”? DICONO DI NOI VIDEO ARTICOLI PIÙ RECENTI Borago officinalis – semi di Borragine Fragaria x Ananassa – semi di Fragola Portulaca oleracea – semi di Porcellana Salsola soda – semi di Riscolo Vicia villosa – semi di Veccia di Cosentin Dolichos sesquipedalis – semi di Fagiolo dall’occhio Quali sono le principali tecnologie e applicazioni dell’agricoltura di precisione? Che cos’è l’agricoltura di precisione e in che modo gli agricoltori possono trarne vantaggio? Camelina sativa: piccoli semi – grandi opportunità Panicum miliaceum – semi di Semola di miglio Dactylis glomerata – semi di Dattile Hypericum perforatum – semi di Iperico Echinacea purpurea – semi di Echinacea Cuminum cyminum – semi di Cumino Urtica dioica – semi di Ortica comune Trigonella foenum-graecum – semi di Fieno greco Sorghum bicolor – semi di Sorgo Fagopyrum esculentum – semi di Grano saraceno Phleum pratense – semi di Fleo Medicago sativa – semi di Erba medica Poa pratensis – semi di Erba fienarola Lolium perenne – semi di Loietto perenne Beta vulgaris L. – semi di Barbabietola Brassica rapa L. – semi di Rapa Prossimi eventi DIVENTA UN AUTORE I NOSTRI AUTORI OLTRE PIÙ DI VISITE DA OLTRE COSA DICONO DI NOI I NOSTRI PARTNER Sei un Agricoltore? DEMOCRATIZZARE L’AGRICOLTURA Wikifarmer è una piattaforma globale che ha l’obbiettivo di emancipare gli agricoltori attraverso l'educazione e l'accesso al mercato, per poter vendere i propri prodotti a prezzi equi. Rimani costantemente aggiornato su una grande varietà di temi in agricoltura, cambiamenti in arrivo ed innovazioni tramite la partecipazione a conferenze, webinar e molti altri eventi in tutto il Mondo. Dai un'occhiata alla nostra lista. Sei appassionato di agricoltura e ti interessa condividere la tua conoscenza, esperienza e competenza, le tue pratiche con tutto il Mondo? Unisciti alla comunità Wikifarmer, diventa un autore nella più grande piattaforma agricola creata dagli utenti stessi e aiuta gli altri agricoltori a migliorare la loro raccolto ed a coltivare in modo più sostenibile. Traffico sul sito Oltre 18 milioni di visitatori unici In collaborazione con Università, O.N.G. e altre organizzazioni mondiali UTENTI UNICI LINGUE PAESI Collaboriamo con O.N.G., Università, e altre organizazzioni globali allo scopo di raggiungere una missone condivisa di sostenibilità e benessere sociale. Vendi i tuoi prodotti agricoli online Unisciti a Wikifarmer per diventare membro della più accreditata fonte di conoscenza agricola aperta a tutti. Registrandoti, accetti l'Accordo con l'utente di Wikifarmer e l'accordo sullaPrivacy. Hai già un account? Clicca qui per accedere. Hai dimenticato la password? Clicca qui. Non sei ancora un membro, clicca qui per registrarti. Inserisci il tuo indirizzo e-mail qui sotto. Una volta inviato, riceverai un'e-mail contenente le istruzioni per recuperare il tuo account. Necessari Preferenze Statistiche Memorizza lo stato del consenso ai cookie dell'utente per il dominio corrente Scadenza: 1 anno Questo cookie è usato per distinguere tra umani e robot. Questo è utile per il sito web, al fine di rendere validi rapporti sull'uso del sito. Scadenza: 180 giorni Questo cookie è usato per distinguere tra umani e robot. Scadenza: Session Scadenza: Persistent Utilizzato per rilevare se il visitatore ha accettato la categoria di marketing nel banner dei cookie. Questo cookie è necessario per la conformità GDPR del sito web. Scadenza: 2 anni Questo cookie viene utilizzato internamente dai proprietari del sito durante il caricamento o rinnovo dei contenuti del sito. Scadenza: 1 giorno Garantisce la sicurezza della navigazione dei visitatori impedendo le falsificazioni delle richieste tra siti. Questo cookie è essenziale per la sicurezza del sito web e del visitatore. Questo cookie viene utilizzato per determinare se il visitatore ha prestato il consenso all’utilizzo dei cookie. Determina il prefisso internazionale calcolato sulla base dell'indirizzo IP dell'utente. Utilizzato per determinare quale lingua deve essere utilizzata per utenti. Scadenza: 14 giorni Scadenza: 2 giorni Questo cookie fa parte di un insieme di cookie finalizzati a fornire e presentare contenuti. I cookie mantengono il corretto stato dei font, dei cursori per blog/immagini, dei temi cromatici e di altre impostazioni del sito. Il cookie viene utilizzato contestualmente alla funzione di archiviazione locale nel browser. Questa funzione consente al sito di caricarsi più velocemente pre-caricando determinate procedure. Utilizzato per inviare dati a Google Analytics in merito al dispositivo e al comportamento dell'utente. Tiene traccia dell'utente su dispositivi e canali di marketing. Registra un ID univoco utilizzato per generare dati statistici su come il visitatore utilizza il sito internet. Utilizzato da Google Analytics per raccogliere dati sul numero di volte che un utente ha visitato il sito internet, oltre che le dati per la prima visita e la visita più recente. Utilizzato da Google Analytics per limitare la frequenza delle richieste Registra dati statistici sul comportamento dei utenti sul sito web. Questi vengono utilizzati per l'analisi interna dall'operatore del sito. Identifica se i dati dei cookie devono essere aggiornati nel browser del visitatore. Utilizzato per riconoscere il browser dell'utente al momento del rientro sul sito web. Imposta un ID univoco per la sessione. Ciò consente al sito web di ottenere dati sul comportamento dei visitatori a fini statistici. Rileva come l'utente ha raggiunto il sito internet, registrando il suo precedente URL, ovvero il sito web da cui proviene. Utilizzato da Facebook per fornire una serie di prodotti pubblicitari come offerte in tempo reale da inserzionisti terzi. Scadenza: 3 mesi Utilizzato da Google DoubleClick per registrare e produrre resoconti sulle azioni dell'utente sul sito dopo aver visualizzato o cliccato una delle pubblicità dell'inserzionista al fine di misurare l'efficacia di una pubblicità e presentare pubblicità mirata all'utente. Raccoglie dati sul comportamento dei visitatori da più siti web, al fine di presentare annunci pubblicitari più pertinenti. Ciò consente inoltre al sito web di limitare il numero di volte che un visitatore viene mostrato lo stesso annuncio. Utilizzato da DoubleClick per determinare se la pubblicità sul sito web è stata visualizzata correttamente: ciò serve a rendere più efficiente il loro sforzo di marketing. Utilizzato per verificare se il browser dell'utente supporta i cookie. Monitora se l'utente ha mostrato interesse per specifici prodotti o eventi su più siti web e rileva come l'utente naviga tra i siti. Viene usato per valutare le attività pubblicitarie e facilita il pagamento delle commissioni per il reindirizzamento tra i siti. In attesa Raccoglie dati sulle preferenze e sul comportamento dei visitatori sul sito web - Queste informazioni vengono utilizzate per rendere il contenuto e la pubblicità più pertinenti per il visitatore specifico. Utilizzato per registrare quali inserzioni pubblicitarie sono state mostrate all'utente. Raccoglie informazioni sul comportamento degli utenti su più siti web. Questa informazione è utilizzata al fine di ottimizzare la rilevanza della pubblicità. Utilizzato da Google AdSense per sperimentare l'efficacia pubblicitaria su tutti i siti web che utilizzano i loro servizi. Utilizzato per tracciare l'interazione dell'utente con i contenuti incorporati. Necessario per l'implementazione e la funzionalità dei contenuti video di YouTube sul sito. Prova a stimare la velocità della connessione dell'utente su pagine con video YouTube integrati. Registra un ID univoco per statistiche legate a quali video YouTube sono stati visualizzati dall'utente. Memorizza le preferenze del lettore video dell'utente usando il video YouTube incorporato Lista dei domini a cui si applica il tuo consenso: Non vendere né condividere le mie informazioni personali Organizzazione Agrario specializzato in agricoltura di precisione Rete di associazioni iscriviti con l'account Google iscriviti con l'account Facebook Registrazione accedi con l'account Google Ripristinare la password"
https://wikifarmer.com/ru/,10/19/2023 20:03,"ДОБРО ПОЖАЛОВАТЬ В ВИКИФЕРМЕР Этот сайт использует файлы «куки» НАИБОЛЕЕ АККРЕДИТОВАННЫЙ ИСТОЧНИК БЕСПЛАТНЫХ СЕЛЬСКОХОЗЯЙСТВЕННЫХ ЗНАНИЙ Добро пожаловать в Wikifarmer Сброс пароля САМЫЕ ПОПУЛЯРНЫЕ КАТЕГОРИИ СБОР СЕМЯН ЛЕКСИКОН УСТОЙЧИВОГО РАЗВИТИЯ ВИНОГРАДАРСТВО ПЧЕЛОВОДСТВО ОВЦА ЗЕРНА ИЗБРАННЫЕ СТАТЬИ пчеловодство для начинающих Фермерская деятельность для новичков - как стать фермером САМЫЕ ПОПУЛЯРНЫЕ СТАТЬИ Содержание свиней – Создание свиной фермы Что такое устойчивость? Улей и необходимое оборудование Origanum vulgare — Душица обыкновенная семена О НАС ВИДЕО САМЫЕ СВЕЖИЕ СТАТЬИ Salsola soda — Солянка содоносная семена Vicia villosa — Горошек мохнатый семена Dolichos sesquipedalis семена Brassica oleracea — красный Кольраби семена Brassica oleracea capitata — Кочанная капуста семена Lactuca sativa longifolia — салат ромэн семена Panicum miliaceum — Пшено семена Dactylis glomerata — Ежа сборная семена Hypericum perforatum — Зверобой продырявленный семена Echinacea purpurea — Эхинацея семена Cuminum cyminum — Зира семена Urtica dioica — Крапива двудомная семена Trigonella foenum-graecum — Пажитник сенной семена Sorghum bicolor — Сорго семена Fagopyrum esculentum — Гречиха посевная семена Phleum pratense — Тимофеевка луговая семена Medicago sativa — Люцерна посевная семена Poa pratensis — Мятлик луговой семена Lolium perenne — Плевел семена Beta vulgaris L. — Свёкла семена Brassica rapa L. — Репа семена Borago officinalis — Огуречная трава семена Fragaria x Ananassa — Земляника ананасная семена Portulaca oleracea — Портулак огородный семена Предстоящие события (календарь) СТАТЬ АВТОРОМ НАД БОЛЬШЕ, ЧЕМ ПОСЕТИТЕЛИ ИЗ БОЛЕЕ ЧТО ОНИ ГОВОРЯТ О НАС НАШИ ПАРТНЕРЫ Вы фермер? ДЕМОКРАТИЗАЦИЯ СЕЛЬСКОГО ХОЗЯЙСТВА Wikifarmer – это глобальная платформа, ставящая своей целью расширение прав и возможностей фермеров, путем их обучения и предоставления доступа к открытому рынку для продажи своей продукции по справедливым ценам. Будьте в курсе самых разных сельскохозяйственных тем, новых тенденций и инноваций, посещая конференции, вебинары и многие другие мероприятия по всему миру. Посмотрите внимательнее на наш список. Вы увлечены сельским хозяйством и готовы поделиться своими знаниями, опытом или знаниями с мировой аудиторией? Присоединяйтесь к сообществу Wikifarmer, став автором крупнейшей сельскохозяйственной платформы, созданной пользователями, и помогите фермерам модернизировать свое производство и повысить экологичность выращивания. Веб-трафик Более 18 миллионов одиночных посетителей Сеть В сотрудничестве с университетами, неправительственными организациями и другими организациями по всему миру УНИКАЛЬНЫЕ ПОЛЬЗОВАТЕЛИ ЯЗЫКОВЫЕ ВЕРСИИ СТРАНЫ Мы объединяем усилия с неправительственными организациями, университетами и другими предприятиями по всему миру, для выполнения нашей общей миссии по обеспечению устойчивого развития и благосостояния людей. Продавайте свою сельскохозяйственную продукцию онлайн Присоединяйтесь к Wikifarmer, чтобы стать участником наиболее авторитетного источника знаний в области сельского хозяйства. Регистрируясь, вы соглашаетесь с Пользовательским соглашением Wikifarmer и Политикой конфиденциальности Уже есть аккаунт? Нажмите сюда, чтобы войти. Забыли пароль? Нажмите сюда. Вы еще не зарегистрированы, нажмите здесь, чтобы зарегистрироваться. Пожалуйста, введите свой email ниже. После отправки вы получите электронное письмо с инструкциями по восстановлению учетной записи. Необходимые Настроечные Статистические Маркетинговые Срок действия: 1 год Тип: HTTP Срок действия: 180 дней Срок действия: Session Тип: HTML Срок действия: Persistent Срок действия: 2 годы Срок действия: 1 день Срок действия: 14 дней Срок действия: 2 дней Тип: Pixel Срок действия: 3 месяцы Ожидается Тип: IDB Список доменов, к которым применяется ваше согласие: Не продавать и не передавать мою личную информацию свиноводство для начинающих Выращивание картофеля как бизнес Чем кормить овец Зарегистрироваться через Google Зарегистрироваться через Facebook Войти с помошью Google Войти с помощью Facebook Войти Сбросить пароль"
https://wikifarmer.com/es/,10/19/2023 20:03,"BIENVENIDO A WIKIFARMER Esta página web usa cookies LA FUENTE MÁS ACREDITADA DE CONOCIMIENTOS AGRÍCOLAS GRATUITOS Bienvenido a Wikifarmer Inicia sesión Restablecer contraseña LAS CATEGORÍAS MÁS POPULARES VITICULTURA AGRICULTURA INTELIGENTE APICULTURA LÉXICO DE SOSTENIBILIDAD RECOLECCIÓN DE SEMILLAS OVEJAS ÁRBOLES CEREALES VEGETALES CIENCIA DE LOS ALIMENTOS ARTÍCULOS RELACIONADOS Fruta del Dragón: Historia del cultivo, Valor Nutritivo y Usos Control y prevención de la salmonela en el hogar y en el comercio minorista ARTÍCULOS MÁS POPULARES Estructura y Organización de la Comunidad de las Abejas Historia, usos y valor nutritivo de la piña Phaseolus vulgaris – semillas de Frijol Información sobre la Planta de Tomillo SOBRE NOSOTROS VÍDEOS ARTÍCULOS MÁS RECIENTES Requisitos del suelo, Preparación del suelo y Plantación del melocotonero Cultivo rentable de melocotoneros – Guía de cultivo de melocotones Cómo cultivar melocotones a partir de la semilla (hueso) Información sobre el melocotonero, Selección de variedades y Exigencias medioambientales La infección por Salmonella: Causas, síntomas y control Clasificación, marcado y etiquetado de los huevos Usos, valor nutricional y beneficios para la salud de los arándanos Tipos de huevos avícolas Datos interesantes, usos y tipos de bambú Datos interesantes sobre los huevos Envases de aceites vegetales Descubrir el potencial económico de la cadena de valor del aloe vera ¿Es sana la carne cultivada y pueden comerla los veganos? Los mejores envases para almacenar y vender aceite de oliva Cómo deshidratar frutas tropicales para obtener aperitivos naturales y saludables ¿Cómo controlar la salmonela en las aves de corral? ¿Cómo prevenir y controlar la salmonela en los piensos y sus ingredientes? Plagas y enfermedades del melocotón Rendimiento de melocotones por hectárea, Métodos de recolección y Almacenamiento Requisitos de fertilizantes para melocotoneros Riego de melocotoneros – ¿Cuánto agua necesitan los melocotoneros? Cómo formar y podar melocotoneros Reproducción y Polinización de melocotoneros Próximos eventos (calendario) CONVIÉRTETE EN AUTOR(A) NUESTROS AUTORES MÁS DE MÁS QUE VISITANTES DE MÁS QUE DICEN DE NOSOTROS NUESTROS SOCIOS ¿Es usted agricultor? DEMOCRATIZAR LA AGRICULTURA Wikifarmer es una plataforma global con la misión de empoderar a los agricultores a través de la educación y el acceso al mercado abierto para vender sus productos a precios justos. Manténgase constantemente actualizado sobre una gran variedad de temas agrícolas, próximas tendencias e innovaciones asistiendo a conferencias, seminarios web y muchos más eventos en todo el mundo. Eche un vistazo a nuestra lista. ¿Te apasiona la agricultura y estás preparado para compartir tus conocimientos, experiencia o pericia con una audiencia global? Únase a la comunidad de Wikifarmer, conviértase en autor en la mayor plataforma agrícola generada por los usuarios y ayude a los agricultores a mejorar su producción y a cultivar de forma más sostenible. Tráfico Web De más de 18 millones de visitantes Trabajo en red En colaboración con universidades, ONG y otras organizaciones de todo el mundo USUARIOS ÚNICOS VERSIONES DE IDIOMAS PAÍSES Unimos fuerzas con O.N.G., universidades y otras organizaciones a nivel mundial para cumplir nuestra misión común en materia de sostenibilidad y bienestar humano. Venda sus productos agrícolas en línea Únete a Wikifarmer y forma parte de la fuente más acreditada de conocimientos agrícolas libres Al registrarte, aceptas el Acuerdo de usuario y la Política de privacidad de Wikifarmer. ¿Ya tienes una cuenta? Pincha aquí para entrar ¿Has olvidado tu contraseña? Pincha aquí Aún no eres miembro, haga clic aquí para registrarse. Por favor, introduce tu email a continuación. Una vez enviado, recibirás un correo electrónico con las instrucciones para recuperar tu cuenta. Necesarias Preferencias Estadística Almacena el estado de consentimiento de cookies del usuario para el dominio actual Caducidad: 1 año Tipo: HTTP Esta cookie se utiliza para distinguir entre humanos y bots. Esto es beneficioso para la web con el objeto de elaborar informes válidos sobre el uso de su web. Caducidad: 180 días Esta cookie se utiliza para distinguir entre humanos y bots. Caducidad: Session Tipo: HTML Caducidad: Persistent Utilizada para detectar si el visitante ha aceptado la categoría de marketing en el banner de cookies. Esta cookie es necesaria para que la web cumpla con el RGPD. Caducidad: 2 años Esta cookie es utilizada internamente por los propietarios del sitio web, al cargar o renovar el contenido del sitio web. Caducidad: 1 día Asegura la navegación segura del visitante previniendo la falsificación de petición en sitios cruzados (CSRF). Esta cookie es esencial para la seguridad de la web y del visitante. Esta cookie se utiliza para determinar si el visitante ha aceptado la casilla de autorización de uso de cookies. Designa el código de país que se calcula según la dirección IP del usuario. Utilizada para determinar qué idioma debería usarse para usuarios. Caducidad: 14 días Caducidad: 2 días Esta cookie está asociada con un paquete de cookies que sirven al propósito de entrega de contenido y presentación. Estas cookies mantienen el correcto estado de fuente, deslizador de blog/imágenes, elección de color y otros ajustes de la web. La cookie se utiliza en relación a la función de almacenamiento local en el navegador. Esta función permite a la web cargar más rápido mediante la precarga de ciertos procedimientos. Se utiliza para enviar datos a Google Analytics sobre el dispositivo del visitante y su comportamiento. Rastrea al visitante a través de dispositivos y canales de marketing. Tipo: Pixel Registra una identificación única que se utiliza para generar datos estadísticos acerca de cómo utiliza el visitante el sitio web. Recopila datos sobre el número de veces que un usuario ha visitado el sitio web además de las fechas de la primera visita y de la más reciente. Utilizada por Google Analytics. Utilizado por Google Analytics para controlar la tasa de peticiones Registra datos estadísticos del comportamiento del visitante en la web. Esto se utiliza para análisis internos por el operador de la web. Identifica si los datos del navegador necesitan ser actualizados. Utilizada para reconocer el navegador del visitante en su reentrada en la web. Establece un identificador para la sesión. Esto permite a la web obtener datos del comportamiento del visitante con propósitos estadísticos. Detecta cómo el usuario encontró la página web al registrar su última dirección URL. Utilizada por Facebook para proporcionar una serie de productos publicitarios como pujas en tiempo real de terceros anunciantes. Caducidad: 3 meses Utilizada por Google DoubleClick para registrar e informar sobre las acciones del usuario en el sitio web tras visualizar o hacer clic en uno de los anuncios del anunciante con el propósito de medir la eficacia de un anuncio y presentar anuncios específicos para el usuario. Recoge información del comportamiento del usuario en diferentes webs para mostrar publicidad más relevante - También le permite a la web limitar el número de veces que el usuario está expuesto a un mismo anuncio. Utilizada por DoubleClick para determinar si la publicidad de una web ha sido mostrada adecuadamente. Esto se lleva a cabo para hacer más eficientes los esfuerzos de marketing. Utilizada para comprobar si el navegador del usuario admite cookies. Utilizada por Google AdWords para reconectar con visitantes que tienen posibilidades de convertirse en clientes, se basa en el comportamiento online del cliente a través de las webs. Utilizada para rastrear si el visitante ha mostrado un interés específico em productos o eventos a través de múltiples webs y detectar como el visitante navega entre webs - Esto se utiliza para la medida de los esfuerzos publicitarios y facilitar la tasa de emisión entre sitios. Pendiente Recoge datos de las preferencias y el comportamiento del usuario en la web - Esta información se utiliza para producir contenidos y publicidad más relevantes para un usuario concreto. Utilizada para registrar qué anuncios se han mostrado al usuario. Recoge información del comportamiento del visitante múltiples webs. Esta información se usa en la web para optimizar la relevancia de la publicidad. Utilizada por Google AdSense para experimentar con la eficiencia publicitaria a través de las webs usando sus servicios. Se usa para rastrear la interacción del usuario con el contenido integrado. Tipo: IDB Necesaria para la implementación y funcionabilidad del contenido de video de YouTube en la web. Intenta calcular el ancho de banda del usuario en páginas con vídeos de YouTube integrados. Registra una identificación única para mantener estadísticas de qué vídeos de YouTube ha visto el usuario. Registra las preferencias del reproductor de vídeo del usuario al ver vídeos incrustados de YouTube Lista de dominios a los que se aplica tu consentimiento: No vender ni compartir mi información personal Cómo Criar Ovejas ¿Qué comen los cerdos? - Cómo Alimentar a los Cerdos Cómo criar cabras para principiantes. Fitólogo — Estudiante de máster en la Universidad de Wageningen Investigador postdoctoral en la Universidad de Wageningen e Investigación Experto agrícola (en agricultura de precisión) Embajador mundial del bambú Ingeniero agrónomo y obtentor vegetal Agrónoma - Científica de los alimentos, M.Sc. Nanobiotecnología Value chain analyst and business development specialist Ingeniero agrónomo MSc. Fitomejoramiento Experto en agricultura del carbono Experta en Agricultura Sintrópica Consultor de agricultura vertical y educador medioambiental Investigadora Postdoctoral Estudiante postdoctoral en el Centro de Alternativas Tecnológicas para las Zonas Rurales (CTARA) Técnico en hidroponía - Agrónomo Becario de investigación en ICRISAT, Patancheru, India Equipo editorial Catedrático de la Universidad Federal de Lavras Científico Honorario CSIR-Instituto del Cuarto Paradigma, Bengaluru, India Productor y comerciante de fruta (aguacate) Registrarse con Google Registrarse con Facebook Regístrate"
https://wikifarmer.com/hi/,10/19/2023 20:03,"विकिफार्मर में आपका स्वागत है यह वेबसाइट कुकीज़ का प्रयोग करती है मुफ़्त कृषि ज्ञान का सबसे मान्यता प्राप्त स्रोत विकीफारमर में आपका स्वागत है लॉग इन करें पासवर्ड रीसेट सर्वाधिक लोकप्रिय श्रेणियां स्मार्ट खेती बीजों का संग्रहण स्थिरता शब्दावली वहनीयता अंगूर की खेती शहर की मक्खियों का पालना भेड़ अनाज भोजन विज्ञान प्रदर्शित लेख मसालों और जड़ी-बूटियों में खाद्य धोखाधड़ी चेरी की कटाई और उपज प्रति हेक्टेयर - क्या आप चेरी को तने के साथ या उसके बिना उठाते हैं? सबसे लोकप्रिय लेख Brassica oleracea acephala – केइलो बीज परिदृश्य दृष्टिकोण, और एकीकृत वाटरशेड प्रबंधन अनन्नास किस्म का चयन मकई के बारे में तेज़ तथ्य परिचय वीडियो सबसे हाल के लेख लाभ के लिए खीरे की खेती कैसे करें – व्यावसायिक खीरे की खेती खीरे का इतिहास, पौधों की जानकारी, रोचक तथ्य और पोषण मूल्य सोयाबीन रोग एवं प्रबंधन अभ्यास बीज उपचार एवं कृषि एवं खाद्य सुरक्षा हेतु इसका महत्व नींबू के पेड़ की सबसे लोकप्रिय किस्में फल-वृक्ष संबंधी शब्दावली एवं वर्गीकरण – फलकृषि विज्ञान मुर्गी पालन में साल्मोनेला को कैसे नियंत्रित करें? घरेलू और खुदरा स्तर पर साल्मोनेला का नियंत्रण और रोकथाम साल्मोनेला संक्रमण: कारण, लक्षण और नियंत्रण खाद्य जनित बीमारियाँ: कारण, सामान्य स्रोत और लक्षण डेयरी उत्पाद: प्रकार और पोषण मूल्य कृषि उपोत्पादों का उपयोग करके जैव-खाद बनाना प्राकृतिक ऑक्सीकरणरोधी: स्रोत, लाभ और अनुप्रयोग जैतून के तेल में खाद्य धोखाधड़ी चाय में कैटेचिन पचौली खेती गाइड – तेल के लिए व्यावसायिक रूप से पचौली कैसे उगाएं फसल सुरक्षा के लिए कृषि में रसायनों के सुरक्षित और प्रभावी उपयोग के लिए दिशानिर्देश ककड़ी की खेती में खरपतवार प्रबंधन खीरे की पैदावार, कटाई और भंडारण खीरे के कीट एवं रोग ककड़ी उर्वरक आवश्यकताएँ और विधियाँ ककड़ी सिंचाई आवश्यकताएँ एवं विधियाँ ककड़ी के लिए मिट्टी की तैयारी, मिट्टी और जलवायु की आवश्यकताएं, और बीज बोने की आवश्यकताएं खीरे की सर्वोत्तम किस्म के चयन के सिद्धांत आगामी इवेंट (कैलेंडर) एक लेखक बनें हमारे लेखक ऊपर इससे अधिक ओवर से आगंतुक वे हमारे बारे में क्या कहते हैं हमारे साझेदार क्या आप एक किसान हैं? कृषि का जनतंत्रीकरण Wikifarmer एक वैश्विक मंच है जिसका मिशन किसानों को शिक्षा प्रदान करना और मुक्त बाजार में अपने उत्पाद उचित दामों पर बेचने का अवसर देकर उन्हें सशक्त बनाना है। दुनिया भर में सम्मेलनों, वेबिनार और कई अन्य कार्यक्रमों में भाग लेकर कृषि विषयों, आगामी रुझानों और नवाचारों की एक विशाल विविधता पर लगातार अपडेट रहें। हमारी सूची पर करीब से नज़र डालें। क्या आप खेती को लेकर उत्साहित हैं और अपने ज्ञान, अनुभव या विशेषज्ञता को वैश्विक दर्शकों के साथ साझा करने के लिए तैयार हैं? सबसे बड़े, उपयोगकर्ता-जनित कृषि मंच में लेखक बनकर विकीफार्मर समुदाय में शामिल हों और किसानों को अपने उत्पादन को उन्नत करने और अधिक स्थायी रूप से खेती करने में मदद करें। वेब यातायात 18 मिलियन से अधिक एकल आगंतुक नेटवर्किंग दुनिया भर के विश्वविद्यालयों, गैर सरकारी संगठनों और अन्य संगठनों के सहयोग से अद्वितीय उपयोगकर्ता भाषा संस्करण देशों हमने दुनिया भर के गैर-सरकारी संगठनों, विश्वविद्यालयों और अन्य संगठनों के साथ मिलकर हमारे आम लक्ष्य - संधारणीयता और मानव कल्याण - को पूरा करने की ठानी है। अपने कृषि उत्पाद ऑनलाइन बेचें मुफ्त कृषि ज्ञान के सबसे अधिक मान्यताप्राप्त स्रोत का सदस्य बनने के लिए विकीफार्मर से जुड़ें पंजीकरण करके, आप विकीफार्मर से सहमत होते हैं उपयोगकर्ता का समझौताऔर गोपनीयता नीति पहले से ही एक खाता है ? लॉगिन करने के लिए यहां क्लिक करें पासवर्ड भूल गए? यहाँ क्लिक करें। अभी तक सदस्य नहीं हैं, साइन अप करने के लिए यहां क्लिक करें। कृपया नीचे अपना ईमेल दर्ज करें जमा होने के बाद, आपको एक ईमेल प्राप्त होगा जिसमें खाते को पुनर्प्राप्त करने के लिए निर्देश दिए गए होंगे आवश्यक पसंद सांख्यिकी विपणन समय-समाप्ति: 1 वर्ष प्रकार: HTTP समय-समाप्ति: 180 दिन समय-समाप्ति: Session प्रकार: HTML समय-समाप्ति: Persistent समय-समाप्ति: 2 वर्ष समय-समाप्ति: 1 दिन समय-समाप्ति: 2 दिन प्रकार: Pixel समय-समाप्ति: 3 महीने लंबित प्रकार: IDB उन डोमेन की सूची जिन पर आपकी सहमति लागू होती है: मेरी निजी जानकारी को न बेचें और न ही साझा करें शहद निर्माण करने वाली मधुमक्खियों की समाज संरचना और संगठन बकरी का संतुलित आहार घोड़ा पालन का परिचय अनुभवी अंतरराष्ट्रीय फल गुणवत्ता नियंत्रक, व्यापारी और किसान अनुसंधान परियोजना सुसाहचर्य कृषि विशेषज्ञ कृषिविज्ञानी प्लांट ब्रीडिंग एमएससी ICRISAT, पाटनचेरु, भारत में अनुसंधान विद्वान अंतरराष्ट्रीय टिकाऊ कृषि वानिकी, भूमि और मिट्टी प्रबंधन में विशेषज्ञ कृषि विज्ञानी पर्यावरण शासन और प्रबंधन, कृषि व्यवसाय सलाहकार संगठन खाद्य वैज्ञानिक पौधा प्रजनन मानद वैज्ञानिक सीएसआईआर-फोर्थ पैराडाइम इंस्टीट्यूट, बेंगलुरु, भारत जलवायु स्मार्ट कृषि और कृषि बीमा पर सलाहकार पोस्टडॉक्टरल फेलो सेंटर फॉर टेक्नोलॉजी आल्टरनेटिव्स फॉर रूरल एरियास (CTARA) घाना के कोको सिस्टम में विशेषज्ञता वाले कृषक कार्यक्षेत्र कृषि सलाहकार और पर्यावरण शिक्षक आनुवंशिक विज्ञान और पौधा प्रजनन में विशेषज्ञ पौधों के प्रेमी खाद्य विज्ञान और दुग्ध प्रौद्योगिकी में डी.वि.साइ. वैज्ञानिक कृषि लेखक, संचारक एवं मीडिया विशेषज्ञ गूगल के साथ साइनअप करें फेसबुक के साथ साइनअप करें पंजीकरण करवाना गूगल के साथ साइन इन करें फेसबुक साथ साइन इन करें पासवर्ड रीसेट करें"
https://wikifarmer.com/fr/,10/19/2023 20:03,"BIENVENUE SUR WIKIFARMER Ce site web utilise des cookies. LA SOURCE LA PLUS ACCRÉDITÉE DE CONNAISSANCES AGRICOLES GRATUITES Bienvenue sur Wikifarmer Se connecter Réinitialisation du mot de passe LES CATÉGORIES LES PLUS POPULAIRES LEXIQUE DE DURABILITÉ VITICULTURE ET OENOLOGIE APICULTURE COLLECTE DE SEMENCES MOUTONS DES CÉRÉALES DES LÉGUMES SCIENCE DES ALIMENTS ARTICLES EN VEDETTE Pommes de terre hybrides - Une solution intelligente sur le plan climatique pour les producteurs de pommes de terre Que sont les prébiotiques et pourquoi sont-ils bénéfiques ? ARTICLES LES PLUS POPULAIRES Les algues en tant qu’aliments durables pour l’aquaculture Informations sur le thym Ravageurs et maladies de l’artichaut et gestion des mauvaises herbes Informations, bienfaits & histoire des ÉPINARDS A PROPOS DE NOUS VIDÉOS ARTICLES LES PLUS RÉCENTS Types de systèmes d’irrigation – Que choisir en fonction de ses besoins ? Facteurs à prendre en compte lors du choix d’un système d’irrigation Qu’est-ce que l’agriculture de précision et comment les agriculteurs peuvent-ils en bénéficier ? Quelles sont les principales technologies et applications de l’agriculture de précision? Choisir les bonnes espèces pour la production de masse d’insectes pour l’alimentation animale Législation sur le miel: Paramètres, critères et limites Exigences et méthodes de fertilisation du concombre Exigences et méthodes d’irrigation du concombre Préparation du sol, exigences du sol et du climat, et exigences en matière de semis du concombre Principes de sélection de la meilleure variété de concombre Comment cultiver du concombre à des fins lucratives – Culture commerciale du concombre Historique du concombre, informations sur la plante, faits intéressants et valeur nutritionnelle Machines agricoles – Accessoires de tracteurs pour différentes opérations agricoles Insectes bénéfiques importants en tant qu’ennemis naturels des ravageurs des cultures Comment reconnaître l’oïdium du fraisier et le combattre efficacement ? Guide de l’agriculture hydroponique pour les débutants Guide complet de culture du théier Culture commerciale du basilic doux (Ocimum basilicum) pour la production d’huile Comment l’épigénétique peut aider les agriculteurs à produire des cultures plus saines et plus résistantes Les bienfaits pour la santé et la valeur nutritionnelle de la pousse de bambou Innovations AgTech dans la production animale Risques potentiels pour la sécurité alimentaire dans les céréales Meilleures pratiques pour l’entretien et la réparation des systèmes d’irrigation Gestion de l’irrigation – Comment optimiser l’efficacité de l’irrigation ? Événements à venir (calendrier) DEVENIR AUTEUR NOS AUTEURS PLUS QUE VISITEURS DE PLUS DE CE QU'ILS DISENT DE NOUS NOS PARTENAIRES Êtes-vous agriculteur ? DÉMOCRATISATION DE L'AGRICULTURE Wikifarmer est une plateforme mondiale dont la mission est de donner du pouvoir aux agriculteurs en les éduquant et en leur offrant un accès au marché libre pour vendre leurs produits à des prix équitables. Restez constamment informé sur une grande variété de sujets agricoles, de tendances à venir et d'innovations en participant à des conférences, des webinaires et bien d'autres événements dans le monde entier. Jetez un coup d'œil à notre liste. Vous êtes passionné d'agriculture et prêt à partager vos connaissances, votre expérience ou votre expertise avec un public mondial ? Rejoignez la communauté Wikifarmer en devenant un auteur sur la plus grande plateforme agricole générée par les utilisateurs et aidez les agriculteurs à améliorer leur production et à cultiver de manière plus durable. Traffic Internet Plus de 18 millions de visiteurs uniques Réseautage En collaboration avec des universités, des ONG et d'autres organisations du monde entier VISITEURS LANGUE PAYS Nous unissons nos forces avec des ONG, des universités et d'autres organisations dans le monde entier pour remplir notre mission commune en matière de durabilité et de bien-être humain. Vendez vos produits agricoles en ligne Rejoignez Wikifarmer pour devenir membre de la source la plus accréditée de connaissances agricoles librement accessibles. Cette inscription implique l'acceptation de l'accord d'utilisation de Wikifarmer et de la politique de confidentialité Avez-vous déjà un compte ? Cliquez ici pour vous connecter. Mot de passe oublié ? Cliquez ici. Vous n'êtes pas encore membre, cliquez ici pour vous inscrire. Veuillez saisir votre adresse e-mail ci-dessous. Une fois que vous l'aurez envoyé, vous recevrez un e-mail contenant les instructions pour récupérer votre compte. Nécessaires Préférences Statistiques Stocke l'autorisation d'utilisation de cookies pour le domaine actuel par l'utilisateur Expiration: 1 année Ce cookie est utilisé pour distinguer les humains des robots. Ceci est bénéfique pour le site web afin de créer des rapports valides sur l'utilisation du leur site. Expiration: 180 jours Ce cookie est utilisé pour distinguer les humains des robots. Expiration: Session Expiration: Persistent Utilisé pour détecter si le visiteur a accepté la catégorie marketing dans la bannière de cookie. Ce cookie est nécessaire pour la conformité du site Web avec le RGPD. Expiration: 2 années Ce cookie est utilisé en interne par les propriétaires du site lors du téléchargement ou du renouvèlement du contenu du site. Expiration: 1 jour Assure la sécurité de la navigation des visiteurs en empêchant la falsification des requêtes entre sites. Ce cookie est essentiel pour la sécurité du site Web et du visiteur. Ce cookie est utilisé pour déterminer si le visiteur a accepté la boite de consentement des cookies. Désigne le code de pays calculé selon l'adresse IP de l'utilisateur. Utilisé pour déterminer quelle langue doit être utilisée pour des utilisateurs. Expiration: 14 jours Expiration: 2 jours Ce cookie fait part d'un ensemble de cookies qui servent à la livraison et à la présentation de contenu. Les cookies conservent l'état correct de la police, des curseurs de blog / image, des thèmes de couleur et d'autres paramètres du site web. Le cookie est utilisé dans le contexte de la fonction de stockage local dans le navigateur. Cette fonction permet au site web de se charger plus rapidement en pré-chargeant certaines procédures. Utilisé pour envoyer des données à Google Analytics sur le périphérique et le comportement du visiteur. Suit l'internaute à travers les appareils et les canaux de marketing. Enregistre un identifiant unique utilisé pour générer des données statistiques sur la façon dont le visiteur utilise le site. Utilisé par Google Analytics our recueillir des données sur le nombre de fois qu'un utilisateur a visité le site web ainsi que les dates de la première et de la plus récente visite. Utilisé par Google Analytics pour diminuer radicalement le taux de requêtes Enregistre des données statistiques sur le comportement des internautes sur le site web. Utilisé pour les analyses internes par l'opérateur du site web. Identifie si les données du navigateur doivent être mises à jour. Utilisé pour reconnaître le navigateur de l'internaute lors de son retour sur le site. Définit un identifiant unique pour la session. Cela permet au site Web d'obtenir des données sur le comportement des visiteurs à des fins statistiques. Détecte comment l'utilisateur a atteint le site web en enregistrant sa dernière adresse URL. Utilisé par Facebook pour fournir une série de produits publicitaires tels que les offres en temps réel d'annonceurs tiers. Expiration: 3 mois Utilisé par Google DoubleClick pour enregistrer et signaler les actions de l'utilisateur du site après qu'il ait vu ou cliqué sur une des pubs de l'annonceur dans le but de mesurer l'efficacité et de présenter des annonces publicitaires ciblées à l'utilisateur. Collecte des données sur le comportement des visiteurs à partir de plusieurs sites web afin de présenter des publicités plus pertinentes. Cela permet également au site web de limiter le nombre de fois où la même publicité est présentée au visiteur. Utilisé par DoubleClick pour déterminer si la publicité sur le site web a été correctement affichée - ceci sert à rendre plus efficaces leurs efforts de marketing. Utilisé pour vérifier si le navigateur de l'utilisateur accepte les cookies. Repère si l'internaute a montré de l'intérêt pour des produits ou des événements spécifiques sur plusieurs sites web et détecte la façon dont l'internaute navigue entre les sites. Cela est utilisé pour mesurer les efforts publicitaires et facilite le paiement des frais de référence entre les sites web. En attente Collecte des données sur les préférences et le comportement des visiteurs sur le site Web - Ces informations sont utilisées pour rendre le contenu et la publicité plus pertinents pour le visiteur en question. Utilisé pour enregistrer quelles ont été les annonces publicitaires qui ont été affichées à l'utilisateur. Recueille des informations sur le comportement des internautes sur plusieurs sites web. Ces informations sont utilisées sur le site afin d'optimiser la pertinence des publicités. Utilisé par Google AdSense pour expérimenter l'efficacité de la publicité sur de divers sites Web en utilisant leurs services. Utilisé pour suivre l'interaction de l'utilisateur avec le contenu intégré. Nécessaire pour la mise en place et le fonctionnement du contenu vidéo de YouTube sur le site web. Tente d'estimer la bande passante des utilisateurs sur des pages avec des vidéos YouTube intégrées. Enregistre un identifiant unique pour conserver des statistiques sur les vidéos de YouTube vues par l'utilisateur. Stocke les préférences de lecture vidéo de l'utilisateur pour les vidéos YouTube incorporées Liste des domaines auxquels s'applique votre consentement : Ne pas vendre ou partager mes informations personnelles La société des abeilles Faire pousser des Amandiers pour le Profit Comment élever des moutons Projet Rédactrice agricole, communicatrice et spécialiste des médias Organisation à but non lucratif Expert en agriculture syntropique Ambassadeur mondial du bambou Organisation Chercheur postdoctoral Projet de recherche Agriculteur spécialisé dans le système cacaoyer ghanéen Réseau d'associations Directeur exécutif-AgriGreen Nepal Agronome - Scientifique de l'alimentation, M.Sc. Nanobiotechnologie Agronome-chercheur spécialisé en biologie moléculaire des plantes Agronome spécialisé en microbiologie industrielle et biotechnologie et rédacteur de contenu Scientifique et technologue de l'alimentation Scientifique spécialiste des plantes - étudiant en maîtrise à l'Université de Wageningen Consultant en agriculture verticale et éducateur environnemental Expert en agriculture durable et de précision Doctorat en apiculture Agronome, M.Sc. protection des plantes, instructeur en apiculture s'inscrire avec le compte Google s'inscrire avec le compte Facebook S'inscrire se connecter avec le compte Google accedi con l'account Facebook Réinitialiser le mot de passe"
https://wikifarmer.com/de/,10/19/2023 20:03,"WILLKOMMEN BEI WIKIFARMER Diese Webseite verwendet Cookies DIE ANERKANNTESTE QUELLE FÜR KOSTENLOSES LANDWIRTSCHAFTLICHES WISSEN Willkommen bei Wikifarmer Einloggen Passwort zurückgesetzt DIE BELIEBTESTEN KATEGORIEN GETREIDE SAATGUT LEXIKON DER NACHHALTIGKEIT WEINBAU IMKEREI SCHAFE ZIERPFLANZEN AUSGEWÄHLTE ARTIKEL Gerste Bodenvorbereitung, Bodenanforderungen und Saatgutanforderungen Was ist ökologische Landwirtschaft? DIE BELIEBTESTEN ARTIKEL Reisschädlinge und – krankheiten – Welche Schädlinge befallen Reis? Wissenswertes, Nährwert und Pflanzeninformationen über Sellerie Ernte und Ertrag von Orangenbäumen – Wie oft werden Orangen im Jahr geerntet? Vorbereitung der Bienenstöcke für den Winter ÜBER UNS VIDEOS NEUESTE ARTIKEL Mangobaum-Informationen und Sortenauswahl Nährwert und gesundheitliche Vorzüge der Mango Bananenexporte und -märkte Bananenertrag, Ernte, Verarbeitung und Lagerung Sortenvielfalt bei Bananen Pflege von Bananenpflanzen – Kommerzieller Anbau von Bananen Landwirtschaftliche Verfahrensweisen zur Erhöhung der biologischen Artenvielfalt Leitfaden für Anfänger in der Aquakultur (Hydroponik): Vom Saatgut zur Ernte Insektenmehl in nachhaltigem Tierfutter Passionsfrucht: Ernte, Ertrag und Lagerung Passionsfrucht: Anforderungen an Boden und Klima, Bodenvorbereitung und Pflanzung Passionsfrucht: Arten und Sorten der Passionsfrucht und Merkmale der Pflanze Passionsfrucht: Geschichte, Verwendung und Nährwert Methoden für die Sojapflanzung vor der Aussaat: Bodenvorbereitung und Pflanztermine und –abstände Die beliebtesten Zitronenbaum-Sorten Pflanzenvermehrung – Arten und Merkmale von sexuellem und ungeschlechtlichem Vermehrungsmaterial Die geschlechtliche Vermehrung einer Pflanze – Alles über Samen Was ist ungeschlechtliche oder vegetative Pflanzenvermehrung? Hybridkartoffeln – eine klimagerechte Lösung für Kartoffelbauern Mit Lebensmittelabfällen etwas bewirken – Wie man Lebensmittelabfälle reduziert und wiederverwendet Teepflanze – Vollständiger Leitfaden zur Kultivierung Viehzucht – Agrartechnologien zur Verbesserung der Nachhaltigkeit Mango: Ertrag, Ernte und Nacherntebehandlung Gewinnbringender kommerzieller Mango-Anbau – Mango-Produktion – Ein Überblick Kommende Veranstaltungen AUTOR WERDEN UNSERE AUTOREN ÜBER MEHR ALS BESUCHER VON ÜBER UNSERE PARTNER Sind Sie Landwirt? DEMOKRATISIERUNG DER LANDWIRTSCHAFT Wikifarmer ist eine globale Plattform, mit dem Ziel, Landwirte zu stärken, indem sie sie ausbildet und ihnen Zugang zum freien Markt bietet, damit sie ihre Produkte zu fairen Preisen verkaufen können. Bleiben Sie stets auf dem Laufenden über eine Vielzahl von landwirtschaftlichen Themen, aufkommende Trends und Innovationen, indem Sie an Konferenzen, Webinaren und vielen weiteren Veranstaltungen weltweit teilnehmen. Sehen Sie sich unsere Liste genauer an. Sie haben eine Leidenschaft für Landwirtschaft und sind bereit, Ihr Wissen, Ihre Erfahrung und Ihr Know-how mit einem weltweiten Publikum zu teilen? Dann schließen Sie sich der Wikifarmer-Community als Autor auf der größten nutzergenerierten landwirtschaftlichen Plattform an und helfen Sie Landwirten, ihre Produktion zu verbessern und nachhaltiger zu wirtschaften. Web-Traffic Über 18 Millionen einzelne Besucher Netzwerk In Zusammenarbeit mit Universitäten, NGOs und anderen internationalen Organisationen EINZIGARTIGE BENUTZER SPRACHVERSIONEN LÄNDER Wir arbeiten mit NGOs, Universitäten und anderen Organisationen auf der ganzen Welt zusammen, um unsere gemeinsame Mission für Nachhaltigkeit und menschliches Wohlergehen zu verwirklichen Verkaufen Sie Ihre landwirtschaftlichen Produkte online Treten Sie Wikifarmer bei und werden Sie Mitglied der anerkanntesten Quelle für freies landwirtschaftliches Wissen. Durch Ihre Registrierung stimmen Sie der Wikifarmer Benutzervereinbarung und der Datenschutzrichtlinie zu. Bereits ein Konto? Hier zur Anmeldung. Passwort vergessen? Klicken Sie hier. Noch kein Mitglied? Klicken Sie hier, um sich anzumelden. Bitte geben Sie unten Ihre E-Mail-Adresse ein. Sie erhalten dann eine E-Mail mit Anweisungen zur Wiederherstellung Ihres Kontos. Notwendig Präferenzen Statistiken Speichert den Zustimmungsstatus des Benutzers für Cookies auf der aktuellen Domäne. Ablauf: 1 Jahr Typ: HTTP Dieser Cookie wird verwendet, um zwischen Menschen und Bots zu unterscheiden. Dies ist vorteilhaft für die webseite, um gültige Berichte über die Nutzung ihrer webseite zu erstellen. Ablauf: 180 Tage Dieser Cookie wird verwendet, um zwischen Menschen und Bots zu unterscheiden. Ablauf: Session Typ: HTML Ablauf: Persistent Wird verwendet, um festzustellen, ob der Besucher die Marketingkategorie im Cookie-Banner akzeptiert hat. Dieser Cookie ist notwendig für die Einhaltung der DSGVO der Webseite. Ablauf: 2 Jahre Dieses Cookie wird intern von den Besitzern der Website benutzt, wenn Inhalte auf der Website hochgeladen oder erneuert werden. Ablauf: 1 Tag Gewährleistet die Sicherheit beim Browsen für Besucher durch Verhinderung von Cross-Site Request Forgery. Dieser Cookie ist wesentlich für die Sicherheit der Website und des Besuchers. Dieses Cookie wird benutzt, um zu bestimmen, ob der Besucher die Cookie-Einverständnis-Box akzeptiert hat. Bezeichnet den Ländercode, der auf Basis der IP-Adresse des Benutzers berechnet wird. Verwendet, um festzustellen, welche Sprache für Benutzer verwendet werden soll. Ablauf: 14 Tage Ablauf: 2 Tage Dieses Cookie ist mit einem Bündel von Cookies verbunden, die dem Zweck der Bereitstellung und Präsentation von Inhalten dienen. Die Cookies behalten den korrekten Zustand von Schriftart, Blog-/Bildschiebereglern, Farbthemen und anderen Website-Einstellungen bei. Der Cookie wird im Zusammenhang mit der lokalen Speicherfunktion im Browser verwendet. Diese Funktion ermöglicht es der Website, schneller zu laden, indem bestimmte Prozeduren vorab geladen werden. Wird verwendet, um Daten zu Google Analytics über das Gerät und das Verhalten des Besuchers zu senden. Erfasst den Besucher über Geräte und Marketingkanäle hinweg. Registriert eine eindeutige ID, die verwendet wird, um statistische Daten dazu, wie der Besucher die Website nutzt, zu generieren. Sammelt Daten dazu, wie oft ein Benutzer eine Website besucht hat, sowie Daten für den ersten und letzten Besuch. Von Google Analytics verwendet. Wird von Google Analytics verwendet, um die Anforderungsrate einzuschränken Registriert statistische Daten über das Verhalten der Besucher auf der Website. Wird vom Website-Betreiber für internes Analytics verwendet. Gibt an, ob die Cookie-Daten im Browser des Besuchers aktualisiert werden müssen. Wird verwendet, um den Browser des Besuchers bei Rückkehr auf der Website zu erkennen. Legt eine eindeutige ID für die Sitzung fest. Dadurch kann die Webseite Daten über Besucherverhalten für statistische Zwecke erhalten. Ermittelt, wie der Nutzer die Website erreicht hat, indem seine letzte URL-Adresse registriert wird. Wird von Facebook genutzt, um eine Reihe von Werbeprodukten anzuzeigen, zum Beispiel Echtzeitgebote dritter Werbetreibender. Ablauf: 3 Monate Verwendet von Google DoubleClick, um die Handlungen des Benutzers auf der Webseite nach der Anzeige oder dem Klicken auf eine der Anzeigen des Anbieters zu registrieren und zu melden, mit dem Zweck der Messung der Wirksamkeit einer Werbung und der Anzeige zielgerichteter Werbung für den Benutzer. Sammelt Daten zum Besucherverhalten auf mehreren Webseiten, um relevantere Werbung zu präsentieren - Dies ermöglicht es der Webseite auch, die Anzahl der Anzeige der gleichen Werbung zu begrenzen. Wird von DoubleClick verwendet, um festzustellen, ob Website-Werbung richtig angezeigt wurde - Dies geschieht, um ihre Marketingaktivitäten effizienter zu gestalten. Verwendet, um zu überprüfen, ob der Browser des Benutzers Cookies unterstützt. Wird verwendet, um zu tracken, ob der Besucher Interesse an bestimmten Produkten oder Ereignissen auf mehreren Websites gezeigt hat und wie der Besucher zwischen den Websites navigiert - Dies wird zur Messung des Werbeaufwands verwendet und erleichtert die Zahlung von Empfehlungsgebühren zwischen Websites. Anstehend Sammelt Daten zum Besucherverhalten auf mehreren Websites, um relevantere Werbung zu präsentieren - Dies ermöglicht es der Website auch, die Anzahl der gleichen Werbeanzeige zu begrenzen. Sammelt Daten über Präferenzen und Verhalten der Besucher auf der Webseite - Diese Informationen werden verwendet, um Inhalte und Werbung für den jeweiligen Besucher relevanter zu machen. Verwendet, um zu registrieren, welche Anzeigen dem Benutzer angezeigt werden. Sammelt Informationen zum Besucherverhalten auf mehreren Webseiten. Diese Informationen wird auf der Webseite verwendet, um die Relevanz der Werbung zu optimieren. Wird von Google AdSense zum Experimentieren mit Werbungseffizienz auf Webseiten verwendet, die ihre Dienste nutzen. Wird verwendet, um die Interaktion der Nutzer mit eingebetteten Inhalten zu verfolgen. Typ: IDB Notwendig für die Implementierung und Funktionalität von YouTube-Videoinhalten auf der Website. Versucht, die Benutzerbandbreite auf Seiten mit integrierten YouTube-Videos zu schätzen. Registriert eine eindeutige ID, um Statistiken der Videos von YouTube, die der Benutzer gesehen hat, zu behalten. Speichert die Benutzereinstellungen beim Abruf eines auf anderen Webseiten integrierten Youtube-Videos Liste der Domains, für die Ihre Zustimmung gilt: Meine persönlichen Daten nicht verkaufen oder weitergeben Climate-Smart Agriculture: A Farmers - Scientists discussion panel Hydroponik-Techniker - Agraringenieur Postdoktorand am Zentrum für Technologiealternativen für den ländlichen Raum (CTARA) Agrarwissenschaftler Erzeuger und Händler von Obst (Avocado) Postdoktorand an der Universität Wageningen & Forschungszentrum Gemeinnützige Organisation Tierwissenschaftler/freiberuflicher Autor ForschungsprojektForschungsprojekt Agrarautorin, Kommunikatorin und Medienspezialistin Experte für Carbon Farming Promovierter Wissenschaftler in Lebensmittelwissenschaft und Molkereitechnologie Doktortitel in Bienenzucht Projekt Experte für nachhaltige und präzise Landwirtschaft Geschäftsführender Direktor von AgriGreen Nepal Spezialist für industrielle Maniokproduktion Expertin für Syntropische Landwirtschaft Biologin mit Schwerpunkt Mykologie Über Google registrieren Über Facebook registrieren Registrieren Über Google anmelden Über Facebook anmelden Anmelden Passwort zurücksetzen"
https://wikifarmer.com/nl/,10/19/2023 20:03,"WELKOM BIJ WIKIFARMER Deze website maakt gebruik van cookies DE MEEST GEACCREDITEERDE BRON VAN GRATIS LANDBOUWKENNIS Welkom bij Wikifarmer Inloggen Wachtwoord resetten DE MEEST POPULAIRE CATEGORIEËN GRANEN DUURZAAMHEID LEXICON SLIMME LANDBOUW DRUIVENTEELT BIJENTEELT COLLECTIE ZADEN SCHAPEN BLOEMEN VOEDSELWETENSCHAP AANBEVOLEN ARTIKELEN Opbrengst, oogst, opslag van zonnebloem Wat is duurzame landbouw? MEEST POPULAIRE ARTIKELEN Kersenoogst en opbrengst per hectare – Pluk je kersen met of zonder het takje? 10 interessante feiten over sla die je waarschijnlijk hebt genegeerd Grond vereisten, voorbereiding en kersenbomen planten Pisum sativum sweet horizon – Erwt zaden OVER ONS MEEST RECENTE ARTIKELEN Plantaardige voeding in de kijker: onthulling van hoe de nieuwe generatie plantaardige voeding wordt gemaakt Zonnebloem voorbereiding, grond vereisten en zaailing vereisten Zonnebloem plagen en ziekten Onkruidmanagement in zonnebloemteelt Zonebloem bemest vereisten Landbouwverzekering – Een financieel middel voor telers om het managementrisico te compenseren Verzekering – een financieel hulpmiddel als compensatie en om risico’s te managen Risico management benaderingen in landbouw Agriculturele verzekering en risico management Kersenboom plagen en ziekten Kersenboom bestuiving Kersenboom training, snoeien en vruchtuitdunnen Kersenboom vermeerdering en bestuiving Kersenboom water vereisten Kersenbomen telen voor winst 10 interessante dingen over kersen die je waarschijnlijk niet weet Kersenplant informatie Kersen: Info, feiten, voedingswaarde & gezondheidsvoordelen Wat is verticale teelt? Hoe een verticale boerderij te beginnen Antinutriënten in plantaardig voedsel: zijn ze goed of slecht voor je gezondheid? Aankomende evenementen (kalender) WORD EEN AUTEUR ONZE AUTEURS MEER DAN BEZOEKERS VAN OVER WAT ZE OVER ONS ZEGGEN ONZE PARTNERS Ben je een boer? DEMOCRATISERING VAN DE LANDBOUW Wikifarmer is een wereldwijd platform met de missie om boeren mondiger te maken door hen op te leiden en hen toegang te bieden tot de open markt om hun producten tegen eerlijke prijzen te verkopen. Blijf constant op de hoogte van verschillende landbouwonderwerpen, opkomende trends en innovaties, door conferenties, webinars en nog veel meer evenementen over de hele wereld bij te wonen. Bekijk hier onze lijst. Ben je gepassioneerd door landbouw en klaar om je kennis, ervaring of expertise te delen met een wereldwijd publiek? Word lid van de Wikifarmer-gemeenschap door auteur te worden van het grootste, door gebruikers gegenereerde landbouwplatform, en help boeren hun productie te verbeteren en duurzamer te telen. Webverkeer Meer dan 18 miljoen bezoekers Netwerken In samenwerking met universiteiten, NGO’s en andere organisaties wereldwijd BEZOEKERS ΤALEN LANDEN We bundelen onze krachten met NGO, universiteiten en andere organisaties wereldwijd om onze gemeenschappelijke missie op het gebied van duurzaamheid en menselijk welzijn te vervullen. Verkoop je landbouwproducten online Word lid van Wikifarmer, de meest erkende bron van gratis landbouwkennis. Door te registreren, ga je akkoord met de Wikifarmer Gebruikersovereenkomst en ons Privacybeleid Heeft u al een account? Klik hier om in te loggen. Bent u uw wachtwoord vergeten? Klik hier. Nog geen lid? Klik hier om te registreren. Voer alstublieft hieronder uw e-mailadres in. Zodra u dit heeft ingediend, ontvangt u een e-mail met de instructies om uw account te herstellen. Noodzakelijk Voorkeuren Slaat de cookiestatus van de gebruiker op voor het huidige domein Vervaltermijn: 1 jaar Deze cookie wordt gebruikt om onderscheid te maken tussen mensen en bots. Dit is gunstig voor de website om juiste rapporten over het gebruik van de website te maken. Vervaltermijn: 180 dagen Deze cookie wordt gebruikt om onderscheid te maken tussen mensen en bots. Vervaltermijn: Session Vervaltermijn: Persistent Gebruikt om te detecteren of de bezoeker de marketingcategorie in de cookie-banner heeft geaccepteerd. Deze cookie is nodig voor GDPR-naleving van de website. Deze cookie wordt intern door de eigenaren van de website gebruikt wanneer inhoud van een website wordt geüpload of vernieuwd. Vervaltermijn: 1 dag Zorgt voor browsingveiligheid, door vervalsing van cross-site verzoeken te voorkomen. Deze cookie is essentieel voor de veiligheid van de website en bezoeker. Deze cookie wordt gebruikt om vast te stellen of de bezoeker in het daarvoor bestemde vak toestemming voor cookies heeft gegeven. Geeft de landcode aan die wordt berekend op basis van het IP-adres van de gebruiker. Gebruikt om te bepalen welke taal moet worden gebruikt voor gebruikers. Vervaltermijn: 14 dagen Vervaltermijn: 2 dagen Deze cookie wordt geassocieerd met een bundel cookies die dienen voor het ophalen en tonen van inhoud. De cookies behouden de juiste staat van lettertype, blog, fotoslides, kleurenthema's en andere website-instellingen. De cookie wordt gebruikt in samenhang met de lokale opslagfunctie in de browser. Met deze functie kan de website sneller laden door bepaalde procedures vooraf in te laden. Gebruikt om gegevens naar Google Analytics te verzenden over het apparaat en het gedrag van de bezoeker. Traceert de bezoeker op verschillende apparaten en marketingkanalen. Registreert een uniek ID die wordt gebruikt om statistische gegevens te genereren over hoe de bezoeker de website gebruikt. Verzamelt gegevens over het aantal keren dat een gebruiker de website heeft bezocht, evenals data voor het eerste en meest recente bezoek. Gebruikt door Google Analytics. Gebruikt door Google Analytics om verzoeksnelheid te vertragen Registreert statistische gegevens over het gedrag van bezoekers aan de website. Gebruikt voor interne analyse door de beheerder van de website. Geeft aan of de cookiegegevens moeten worden bijgewerkt in de browser van de bezoeker. Wordt gebruikt om de browser van de bezoeker te herkennen bij terugkeer op de website. Stelt een unieke ID in voor de sessie. Hierdoor kan de website voor statistische doeleinden gegevens over bezoekersgedrag verkrijgen. Achterhaalt op welke wijze de gebruiker naar de website is gekomen door zijn laatste URL-adres te registreren. Gebruikt door Facebook om een reeks advertentieproducten te leveren, zoals realtime bieden van externe adverteerders. Vervaltermijn: 3 maanden Gebruikt door Google DoubleClick om de acties van de websitegebruiker te registreren en te rapporteren na het bekijken of klikken op een van de advertenties van de adverteerder met het doel de effectiviteit van een advertentie te meten en om gerichte advertenties aan de gebruiker te presenteren. Verzamelt gegevens over bezoekersgedrag van meerdere websites, om meer relevante advertenties weer te geven - Hierdoor kan de website ook het aantal keren dat de bezoeker dezelfde advertentie te zien krijgt beperken. Wordt gebruikt door DoubleClick om te bepalen of de website-advertentie correct is weergegeven. Dit wordt gedaan om hun marketinginspanningen efficiënter te maken. Gebruikt om te controleren of de browser van de gebruiker cookies ondersteunt. Wordt gebruikt om bij te houden of de bezoeker interesse heeft getoond in specifieke producten of evenementen op meerdere websites en detecteert hoe de bezoeker tussen sites navigeert - Dit wordt gebruikt voor het meten van advertentie-inspanningen en vergemakkelijkt de betaling van verwijzingskosten tussen websites. In afwachting Verzamelt gegevens over de voorkeuren en het gedrag van bezoekers op de website - Deze informatie wordt gebruikt om inhoud en advertenties relevanter te maken voor de specifieke bezoeker. Gebruikt om te registreren welke advertenties aan de gebruiker zijn getoond. Verzamelt informatie over bezoekersgedrag op meerdere websites. Deze informatie wordt gebruikt om de relevantie van advertenties op de website te optimaliseren. Gebruikt door Google AdSense om te experimenteren met de efficiëntie van advertenties op websites die hun services gebruiken. Wordt gebruikt om de interactie van gebruikers met embedded inhoud bij te houden. Noodzakelijk voor de implementatie en functionaliteit van YouTube-video's op de website. Probeert de bandbreedte van gebruikers te schatten op pagina's met geïntegreerde YouTube-video's. Registreert een unieke ID om statistieken bij te houden van welke video's van YouTube de gebruiker heeft gezien. Bewaart de voorkeuren van de videospeler van de gebruiker met ingesloten YouTube-video Lijst met domeinen waarop uw toestemming van toepassing is: Verkoop of deel mijn persoonsgegevens niet Farming 101 – How to be a Farmer What is Organic Farming?- Organic Farming Definition and Examples Honey Bee Society Structure and Organization Postdoctoraal onderzoeker Netwerk van verenigingen Adviseur voor klimaatslimme landbouw (CSA) en agriculturele verzekering Redactie Msc Plant Breeder - Agronoom Verticale teeltconsultant en milieuopleider Organisatie Aanmelden met Google Aanmelden met Facebook Akkoord en Registreren Inloggen met Google Inloggen met Facebook"
https://wikifarmer.com,10/19/2023 20:03,"WELCOME TO WIKIFARMER This website uses cookies [#IABV2_TITLE#] THE MOST ACCREDITED SOURCE OF FREE AGRICULTURAL KNOWLEDGE Welcome to Wikifarmer Sign in Password reset Most Popular categories Sustainability Smart Farming - AgTech Thesaurus of Sustainability Viticulture Beekeeping Sheep Seed Collection Cereals Vegetables Trees Ornamentals (Flowers) Food Science Thesaurus of Food Science and Supply Chain Featured articles 11 Interesting Facts about Kiwifruit Classification, Marking and Labelling of Eggs Most popular articles Health Benefits and Nutritional Value of Bamboo Shoot Single Enzymes uses in Bakery Products How to raise Goats What is (Crop) Residue Management? About Us Videos Most Recent Articles Papaya plant information Papaya Interesting facts, Nutritional value, and Health benefits Reasons that hampered Global Wheat Production and Supply Nano DAP: Benefits, Concerns and Methods of Application Circular agriculture – The soil microbiome and the advantage of using recycled nutrients Bio-based fertilizers as a sustainable alternative of synthetic fertilizers 7 Modern and efficient ways to protect crops from pests and diseases What is the fortification of milk? 20 Plant-based milk alternatives: Information, Production and Health Benefits The Role of Microbes in Climate-Resilient Agriculture Soil salinization and how farmers can overcome it Biological control of greenhouse pests using natural enemies How to use biochar as a water contaminants detoxifier in fish farming Nutrient Mobility in Soil and Plants The Significance of Soil Health in Sustainable Agriculture The Importance of Mulching in Vegetable Production What are the SDGs? Papaya Handling, Grading, and Packing Papaya Harvest, Yield and Storage Papaya Plant Major Pests, Diseases and Weeds How to cultivate papayas for profit – Complete production guide Papaya Plant Care – Irrigation and Fertilization of Papaya plants Papaya propagation and Pollination Papaya Soil Preparation, Planting, and Plant density Upcoming events Become an author Our Authors Over More than Visitors from over What they say about us OUR PARTNERS Are you a farmer? Democratizing agriculture Wikifarmer is a global platform with the mission of empowering farmers through educating them and offering them access to the open market to sell their products at fair prices. Stay constantly updated on a large variety of agricultural topics, upcoming trends, and innovations by attending conferences, webinars, and many more events worldwide. Take a closer look at our list. Are you passionate about farming and ready to share your knowledge, experience, or expertise with a global audience? Join the Wikifarmer community by becoming an author in the largest, user-generated Agricultural platform and help farmers upgrade their production and cultivate more sustainably. Web-traffic Over 18 million unique visitors Networking In collaboration with Universities, NGOs and other organizations worldwide unique users language versions Countries Introducing Wikifarmer: the Wikipedia of Farming. Wikifarmer is the greatest user generated online farming library. Its mission is to help all farmers across the globe to find valuable information regarding their existing or potential crops and livestock. Users can submit a new article, edit an existing article, add pictures or videos, request a new article, ask a question about a related issue, or just browse through hundreds of pages with valuable information. A platform providing farmers/producers with valuable knowledge and access to the markets. A free online knowledge library where professional or amateur farmers can find best practices on growing their fields more effectively and an online marketplace where farmers can sell their products to buyers directly. Wikifarmer, is one of the lab’s most promising tech ventures on the rise. Education is also at the heart of Wikifarmer, a platform that offers quality, specialized content to the agriculture industry. It also acts as a transaction hub for landowners who wish to expand their sales and increase revenue. We join forces with N.G.O.s, Universities, and other organizations globally to fulfill our common mission on sustainability and human welfare. Sell your agricultural products online Copyright © 2017 – 2023 Wikifarmer, All Rights Reserved Join Wikifarmer to become a member of the most accredited source of free agricultural knowledge. By signing-up, you agree to the Wikifarmer User Agreement and Privacy Policy Already have an account? Click here to login. Forgot your password? Click here. Not a member yet, click here to sign up. Please enter your email below. Once submitted, you will receive an email containing the instructions to recover your account. Necessary Preferences Statistics Marketing 15 CookieConsent Stores the user's cookie consent state for the current domain Expiry: 1 year Type: HTTP _GRECAPTCHA This cookie is used to distinguish between humans and bots. This is beneficial for the website, in order to make valid reports on the use of their website. Expiry: 180 days rc::e This cookie is used to distinguish between humans and bots. Expiry: Session Type: HTML _grecaptcha Expiry: Persistent rc::a rc::b rc::c CONSENT Used to detect if the visitor has accepted the marketing category in the cookie banner. This cookie is necessary for GDPR-compliance of the website. Expiry: 2 years laravel_session This cookie is used internally by the website’s owners, when uploading or renewing website content. Expiry: 1 day XSRF-TOKEN Ensures visitor browsing-security by preventing cross-site request forgery. This cookie is essential for the security of the website and visitor. cookietest This cookie is used to determine if the visitor has accepted the cookie consent box. ip2location_redirection_first_visit Used to redirect users based on their location. sid_customer_6666c Used to authenticate users. Expiry: 14 days wf_splash_screen Used to remember if user has already seen the splash screen. Expiry: 2 days wpEmojiSettingsSupports This cookie is part of a bundle of cookies which serve the purpose of content delivery and presentation. The cookies keep the correct state of font, blog/picture sliders, color themes and other website settings. 1 __3perf_googleFontsStylesheet The cookie is used in context with the local-storage function in the browser. This function allows the website to load faster by pre-loading certain procedures. 11 collect Used to send data to Google Analytics about the visitor's device and behavior. Tracks the visitor across devices and marketing channels. Type: Pixel _ga Registers a unique ID that is used to generate statistical data on how the visitor uses the website. _ga_# Used by Google Analytics to collect data on the number of times a user has visited the website as well as dates for the first and most recent visit. _gat Used by Google Analytics to throttle request rate _gid td Registers statistical data on users' behaviour on the website. Used for internal analytics by the website operator. __cf_bm __hssc Identifies if the cookie data needs to be updated in the visitor's browser. __hssrc Used to recognise the visitor's browser upon reentry on the website. __hstc Sets a unique ID for the session. This allows the website to obtain data on visitor behaviour for statistical purposes. hubspotutk 37 lastExternalReferrer Detects how the user reached the website by registering their last URL-address. lastExternalReferrerTime _fbp Used by Facebook to deliver a series of advertisement products such as real time bidding from third party advertisers. Expiry: 3 months IDE Used by Google DoubleClick to register and report the website user's actions after viewing or clicking one of the advertiser's ads with the purpose of measuring the efficacy of an ad and to present targeted ads to the user. pagead/landing Collects data on visitor behaviour from multiple websites, in order to present more relevant advertisement - This also allows the website to limit the number of times that they are shown the same advertisement. pcs/view Used by DoubleClick to determine whether website advertisement has been properly displayed - This is done to make their marketing efforts more efficient. test_cookie Used to check if the user's browser supports cookies. ads/ga-audiences Used by Google AdWords to re-engage visitors that are likely to convert to customers based on the visitor's online behaviour across websites. pagead/1p-user-list/# Tracks if the user has shown interest in specific products or events across multiple websites and detects how the user navigates between sites. This is used for measurement of advertisement efforts and facilitates payment of referral-fees between websites. rc::h Pending pagead/gen_204 pcs/activeview csi Collects data on visitors' preferences and behaviour on the website - This information is used make content and advertisement more relevant to the specific visitor. rc::f __gads Used to register what ads have been displayed to the user. __gpi Collects information on user behaviour on multiple websites. This information is used in order to optimize the relevance of advertisement on the website. _gcl_au Used by Google AdSense for experimenting with advertisement efficiency across websites using their services. GoogleAdServingTest __ptq.gif Sends data to the marketing platform Hubspot about the visitor's device and behaviour. Tracks the visitor across devices and marketing channels. LAST_RESULT_ENTRY_KEY Used to track user’s interaction with embedded content. LogsDatabaseV2:V#||LogsRequestsStore Type: IDB nextId remote_sid Necessary for the implementation and functionality of YouTube video-content on the website. requests TESTCOOKIESENABLED VISITOR_INFO1_LIVE Tries to estimate the users' bandwidth on pages with integrated YouTube videos. VISITOR_PRIVACY_METADATA YSC Registers a unique ID to keep statistics of what videos from YouTube the user has seen. yt.innertube::nextId YtIdbMeta#databases yt-remote-cast-available Stores the user's video player preferences using embedded YouTube video yt-remote-cast-installed yt-remote-connected-devices yt-remote-device-id yt-remote-fast-check-period yt-remote-session-app yt-remote-session-name 4 rfp_final_page vendor_locations.customer_geolocation vendor_locations.customer_locality lg_cookie [#BULK_CONSENT_DOMAINS_COUNT#] List of domains your consent applies to: Do not sell or share my personal information Cookiebot by Usercentrics ENGLISH ESPAÑOL FRANÇAIS DEUTSCH NEDERLANDS हिन्दी العربية TÜRK 简体中文 РУССКИЙ ITALIANO ΕΛΛΗΝΙΚΑ PORTUGUÊS TIẾNG VIỆT INDONESIA 한국어 POLSKI MARKET Regenerative Agriculture: How farmers can benefit and adopt it New breeding technologies and gene-edited crops Pollinators: Farmer's Partner for Sustainable Production Ex Professor of Wageningen University and a current scientific consultant for Solynta company Third-generation coffee grower Student at MBA-Agribusiness at Sam Higginbottom University Fruit (Avocado) producer and trader Research Project Landscape Architecture Designer Consultant ICT for Development in Agriculture Food Scientist and Technologist Αdvocate of sustainable agriculture - CEO of Naturnova International consultant at Business Coaching Lab (specialized in fruit and vegetable cool storage) Organization Agronomist Agronomist, M.Sc. Plant Protection, Beekeeping Instructor Experienced Farmer Agriculture writer, communicator and media specialist Industrial Cassava Specialist Researcher at BRIN Germination and Greenhouse Supervisor, Sustainability specialist 18 17 195 sign up with Google sign up with Facebook Sign up sign in with Google sign in with Facebook Reset password"
